2018 3396
74 96 121 166 11'o
200 126 207 137 ·
339 117 367 164 c.
391 114 493 165 ιιιιιιι
510 113 685 164 consumo

73 196 150 251 cordi
172 197 257 251 fuisse
275 195 444 250 arbitrantur
460 194 489 248 in
505 195 597 264 ignem
614 195 743 263 inferunt,
746 233 750 241 ·
762 195 848 250 etiam
858 197 926 252 <ani-

73 273 167 326 melia:
181 288 212 325 ac
224 272 315 360 paullo
327 288 411 339 supra
422 270 491 326 hanc
503 271 663 325 memoriam
675 272 746 325 servi
760 276 789 326 et
800 272 926 340 clientes,

75 365 142 416 quos
166 348 232 401 ab
224 347 258 400 ris
283 347 366 401 dilect
354 351 398 401 ιοι
421 363 481 401 esse
505 346 655 415 constabat,
674 346 759 415 justis
782 349 927 403 funeribus

71 424 209 478 'confectis
217 441 272 478 una
284 423 483 478 cremabantur.

127 506 167 554 20
205 500 315 564 Quae
293 500 375 554 civita
376 503 420 553 tes
432 498 599 554 commodius
617 517 694 554 suam
711 500 927 570 rempublicam

75 577 206 631 administ
194 580 269 630 trare
287 577 486 643 existimantur,
506 576 609 631 babent
626 576 733 644 iegibus
752 581 829 630 sanct
830 593 885 644 um,
903 577 928 630 si

75 653 136 721 quis
153 652 220 720 quid
245 652 281 706 de
299 669 330 705 re
350 652 459 721 publica
478 669 495 705 a
514 652 637 706 finitimis
656 668 766 706 rumore
785 656 834 705 aut
852 618 929 706 fabra

75 729 217 796 acceperit,
235 729 276 781 ιι
235 728 337 781 utad
361 727 552 795 magistratum
577 728 684 783 deserat
702 745 771 782 neve
789 745 851 782 eum
869 745 928 802 quo

74 804 127 856 aiio
140 805 332 858 communicet:
352 804 425 872 quod
439 821 520 871 saepo
532 804 656 858 homines
667 805 828 858 temerarios
840 807 928 870 atque

75 880 171 947 imperi
174 884 216 932 tos
174 880 302 933 tfalsis
314 880 498 933 rumoribust
486 881 586 934 terreri
602 884 632 934 et
648 880 684 934 ad
700 881 805 934 facinus
820 879 928 948 impelli

76 956 159 1009 etde
184 956 296 1009 summis
320 955 403 1009 rebus
426 957 567 1009 consilium
591 973 689 1025 capere
713 957 851 1024 cognitum
875 959 929 1010 est.

77 1031 255 1099 Magistratus
268 1048 337 1099 quae
350 1033 407 1085 risa
421 1035 485 1085 sunt
499 1032 652 1098 occultant3
672 1048 798 1101 quaeque
813 1047 875 1086 esso
891 1047 929 1084 en

76 1124 128 1160 usu
146 1107 338 1175 judicaverint,
357 1107 526 1161 multitudini
544 1108 673 1177 produnt.
709 1108 751 1162 De
768 1123 799 1160 re
816 1106 929 1176 publica

76 1184 128 1237 nisi
140 1201 190 1252 per
201 1183 344 1237 concilium
357 1184 431 1252 loqui
443 1200 497 1236 non
509 1184 674 1238 conceditur.

128 1266 168 1313 21.
206 1260 334 1313 Gennaui
358 1260 474 1314 multum
499 1260 534 1313 ab
557 1260 825 1320 hacconsuetudine
848 1257 929 1312 ‹siffe-

77 1341 154 1391 runt:
178 1352 242 1390 nam
265 1352 354 1404 nequo
378 1336 498 1390 Druides
521 1336 623 1391 habent
647 1336 694 1404 qui
718 1335 800 1388 rebus
828 1334 929 1388 divinis

76 1413 204 1481 praesint,
229 1428 318 1480 neque
343 1412 480 1466 sacrifieiis
504 1413 624 1466 student.
667 1413 788 1465 Deorum
812 1426 928 1463 numero

78 1506 124 1543 eos
137 1489 206 1554 solos
219 1488 322 1542 ducunt
335 1505 402 1557 quos
415 1491 532 1541 cernunt
545 1492 573 1541 et
584 1504 701 1555 quorum
718 1490 814 1555 aperto
828 1485 928 1554 opibus
948 1517 952 1524 -

79 1564 212 1631 'uvantur‚
233 1564 323 1618 Solem
347 1568 376 1617 et
394 1564 548 1618 Vulcanum
566 1566 594 1617 et
613 1563 733 1616 Lunam:
752 1562 872 1630 reliquos
891 1577 929 1614 ne

72 1581 148 1694 ιιιιιι
165 1641 282 1709 quidem¹
293 1643 463 1709 acceperunt.
499 1639 567 1693 Vita
585 1640 672 1692 omnis
689 1639 717 1692 in
736 1636 929 1691 venationibus

77 1720 161 1785 atquc
173 1718 201 1768 in
214 1717 311 1770 studiis
324 1716 364 1770 rei
377 1715 502 1769 militaris
515 1714 654 1769 consistit:
667 1714 702 1767 ab
711 1713 831 1782 parvulis
840 1712 929 1766 labori

77 1809 108 1845 ae
121 1792 239 1846 duritiae
252 1791 371 1846 student.
408 1792 459 1855 Qui
472 1791 627 1844 diutissimo
636 1790 792 1858 impuberes
800 1804 929 1857 perman-

78 1873 178 1935 so,runt
203 1869 348 1921 maximam
372 1868 412 1920 int
414 1885 444 1920 cr
467 1883 530 1919 suos
555 1866 648 1920 ferunt
671 1866 793 1919 laudem:
811 1864 863 1918 boc
882 1865 929 1921 ιιι

79 1948 218 2018 staturam,
240 1945 275 1997 ali
299 1945 349 1997 boc
373 1944 445 1997 vires
469 1959 621 2009 nervosque
645 1941 799 1995 confirmari
819 1943 928 2009 putant

80 2022 93 2073 Ι
96 2024 157 2074 ntra
170 2014 269 2074 animm
286 2036 350 2073 vero
363 2019 519 2072 vicesimum
531 2019 709 2073 feminaet
660 2036 696 2071 no
697 2019 786 2072 titiam
798 2016 928 2070 habuisse

78 2097 106 2149 in
116 2096 494 2164 turpissimisbabontrebus:
506 2095 548 2163 cuj
552 2095 766 2148 usreinullaest
754 2092 929 2162 toccuitatio,

79 2172 153 2239 quod
169 2175 197 2224 et
214 2172 365 2240 promiscue
378 2171 405 2222 in
418 2171 574 2224 fluminibus
586 2171 715 2239 perluunt
716 2187 756 2236 ur,
770 2157 799 2222 et
810 2168 929 2236 pellibus

79 2249 127 2300 aut
138 2246 229 2314 parvis
243 2262 374 2299 renonum
387 2246 545 2314 tegimentis
561 2249 679 2299 utuntur
691 2261 790 2313 magna
805 2245 931 2351 eorporis

78 2325 158 2391 parto
171 2321 250 2375 nuda.

131 2402 171 2451 22.
208 2399 268 2465 Agr
269 2398 401 2452 multurae
411 2417 463 2452 non
473 2399 600 2453 student·
596 2442 601 2464 ,
595 2399 753 2468 ¹majorque
762 2413 826 2466 pars
833 2413 929 2450 eorum

79 2475 191 2528 vietus
184 2492 212 2526 m
228 2474 282 2528 laet
271 2477 306 2538 te,
319 2490 404 2540 casco,
419 2491 499 2528 carne
516 2475 655 2529 consistit:
674 2490 763 2542 neque
782 2472 930 2541 quisquam

79 2551 139 2618 agri
151 2550 262 2603 modum
274 2552 380 2602 certum
392 2554 439 2603 aut
452 2550 519 2603 fines
531 2550 616 2604 babet
628 2551 759 2618 proprios,
770 2548 820 2602 sed
831 2549 931 2614 magla-

80 2629 169 2678 trutus
186 2641 218 2678 ac
235 2624 372 2692 principes
390 2625 418 2677 in
438 2641 522 2678 annos
543 2625 662 2692 singulos
680 2625 808 2692 gentibus
831 2639 931 2690 cogna-

79 2700 253 2770 tionibusque
265 2699 413 2767 bominum,
426 2701 473 2769 qui
485 2717 540 2754 una
552 2701 683 2767 coierunt,
693 2702 826 2769 quantum
836 2703 865 2751 ct
874 2715 931 2767 quo

79 2775 137 2829 loeo
161 2776 248 2830 visum
273 2778 317 2830 est
340 2777 399 2846 agri
424 2777 587 2843 attribuunt,
607 2781 690 2845 atque
708 2792 778 2828 anno
795 2777 858 2842 post
876 2774 931 2828 alio
956 2798 967 2826 ι

79 2852 196 2906 transire
208 2855 316 2920 cogunt
354 2851 422 2921 Ejus
438 2854 478 2906 rei
496 2854 597 2907 multas
617 2853 744 2906 adferunt
763 2868 874 2905 causas:
893 2867 932 2905 no

80 2927 190 2981 assidua
202 2928 400 2982 consuetudine
417 2933 489 2997 capr
507 2934 533 2983 st
521 2931 628 2983 tudium
645 2929 709 2982 belii
725 2927 842 2996 gerundi
859 2927 933 2995 agri-

15 3018 27 3117 ,
80 3003 185 3056 c=.·ritura
198 3021 304 3058 conrmu
307 3007 383 3071 t;cnt
402 3007 489 3061 neiat
477 3009 521 3061 tos
537 3007 607 3059 iincs
621 3021 722 3073 parare
738 3005 872 3061 studeant
883 3020 936 3067 po

66 3079 260 3151 tortoresque
283 3047 451 3140 humiliores
480 3082 710 3157 possessionibus
733 3077 898 3143 expetant
914 3088 958 3123 ns

47 3157 210 3214 accuratius
221 3160 264 3217 ad
281 3162 396 3236 frigora
413 3168 509 3222 atoue
527 3166 629 3219 aestus
644 3153 783 3214 uitandus
800 3143 971 3199 audabatas

907 3288 936 3350 ἰ
