2018 3396
354 163 358 165 -
407 131 519 179 Lvssnn
536 130 602 179 vn.
887 131 934 179 125

83 213 187 285 proelio
195 214 282 268 victos
290 212 581 268 Caesarcallocaverat
591 211 935 282 Aeduisqueattribucrat,

84 306 242 360 oppugnare
253 290 382 343 instituit.
546 298 548 302 ⁴

137 374 176 422 10.
213 367 342 435 Magnam
369 365 436 420 haec
463 382 508 419 res
538 365 649 419 Caesari
679 364 869 419 difficultatem
900 366 937 419 ad

84 443 225 498 consilium
253 442 416 510 capiendum
446 441 586 507 afferebat,
613 441 636 495 si
664 441 799 510 reliquam
828 446 937 510 partem

83 521 180 574 hiemis
192 535 246 572 uno
257 519 286 572 in
303 519 362 572 loco
379 517 500 586 legiones
518 518 679 595 contineret,
697 533 732 571 ne
751 517 937 586 stipendiariis
992 573 1001 597 ι

86 596 246 650 Aeduorum
270 593 433 662 expugnatis
457 598 556 647 cuncta
580 593 669 647 Gallia
692 593 832 658 deiiceret,
862 591 938 661 quod

84 672 187 725 nullum
202 671 297 724 amicis
314 671 342 723 in
360 668 578 738 eopraesidium
597 669 706 723 videret
723 669 843 736 positum
863 685 938 735 esse;

84 749 125 800 sin
138 746 272 800 maturius
284 763 318 799 ex
331 745 451 798 hibernis
463 745 601 813 educeret,
614 762 649 798 ne
661 745 696 799 ab
710 762 740 799 re
755 746 938 800 frumentaria

84 824 162 877 duris
186 822 405 878 subvectionibus
429 821 574 876 laboraret.
612 822 757 888 Praestare
782 822 869 875 visum
893 826 937 876 est

83 904 176 954 tamen
188 916 282 953 omncs
292 899 466 952 difficultates
475 899 583 967 perpeti
593 915 675 967 quam
685 902 763 952 tanta
772 899 937 953 contumelia

83 979 196 1044 {accepta
215 975 334 1029 omnium
356 991 466 1028 suorum
490 976 647 1029 voluntates
670 976 798 1031 alienare.
836 975 937 1045 Itaque
983 992 999 1011 ·

83 1052 242 1106 cvirortatus
268 1051 380 1105 Aeduos
404 1051 440 1104 de
464 1051 650 1120 supportando
675 1057 829 1106 commeatu
858 1070 936 1123 prae·

83 1128 172 1182 mittit
190 1127 227 1181 ad
248 1126 331 1181 Boios
349 1126 397 1195 qui
419 1127 455 1180 de
476 1143 525 1180 suo
546 1121 677 1182 adventu'
689 1128 805 1183 doceant
826 1130 936 1184 horten-

84 1208 192 1272 turque,
212 1202 296 1269 utin
311 1202 376 1278 'fido
398 1206 528 1257 araneant
551 1207 636 1272 atquo
659 1203 777 1257 hostium
802 1205 936 1273 impetum
980 1229 985 1238 ·

84 1297 184 1348 magno
196 1280 286 1334 animo
301 1280 461 1333 sustineant
498 1279 613 1332 Duabus
630 1278 767 1346 Agendici
782 1280 936 1347 legionibus
998 1323 1001 1344 ,

84 1360 169 1425 atque
188 1355 393 1424 impedimentis
412 1355 499 1410 totius
516 1356 652 1410 exercitus
673 1355 777 1410 relictis
798 1356 834 1409 ad
853 1357 936 1410 Boios

84 1433 271 1501 proficiscitur.
310 1458 316 1466 ·

139 1515 177 1561 11.
216 1509 314 1561 Altero
334 1507 380 1561 die
401 1524 486 1576 quum
505 1507 542 1562 ad
562 1507 693 1576 oppidum
713 1506 850 1561 Senonum
871 1507 935 1562 Vel-

84 1584 269 1637 launodunum
292 1583 421 1649 venisset,
445 1601 480 1637 ne
504 1600 585 1653 quem
610 1588 673 1652 post
702 1600 732 1637 se
758 1583 865 1637 hostem
892 1600 935 1638 ro-

84 1661 229 1729 liuqueret,
255 1677 309 1730 quo
334 1660 504 1729 expeditiore
532 1677 564 1715 re
591 1659 771 1714 frumentaria
800 1664 935 1727 uteretur,

84 1753 242 1805 oppugnare
256 1736 378 1791 instituit
396 1736 482 1804 idque
500 1736 585 1790 biduo
604 1736 831 1790 circumvallavit:
851 1737 935 1790 tertio

85 1812 130 1867 die
142 1813 232 1867 missis
244 1829 279 1866 ex
290 1811 390 1881 oppido
402 1813 501 1880 legatis
514 1812 548 1866 de
563 1812 703 1866 deditione
718 1829 794 1866 arma
809 1813 934 1881 proferri,

79 1887 207 1955 jumenta
222 1888 343 1958 produci,
364 1903 399 1942 nc
413 1889 523 1942 obsides
543 1888 603 1942 dari
618 1888 707 1957 jubet.
745 1888 786 1942 Ea
805 1889 852 1956 qui
873 1905 935 1943 con-

41 2016 49 2030 ,
84 1964 180 2020 ficeret
192 1965 221 2019 C.
234 1964 398 2018 Trebonium
414 1965 536 2033 legatum
553 1965 697 2034 relinquit:
715 1965 782 2033 ipse,
801 1968 833 2018 ut
851 1981 934 2034 quam

65 2041 202 2109 primum
222 2040 277 2094 iter
295 2040 449 2107 conficeret,
470 2040 613 2094 Genabum
637 2041 789 2095 Camutum
812 2041 935 2110 proficis-

84 2116 163 2182 citur,
176 2116 232 2185 qui,
243 2120 303 2171 tum
322 2117 440 2185 primum
460 2117 543 2170 allato
561 2117 658 2170 nuntio
676 2116 712 2171 de
732 2119 935 2187 oppugnatione

85 2191 295 2259 Vellaunoduni,
308 2192 509 2262 quumJongius
529 2208 589 2246 cam
608 2209 668 2246 rem
694 2192 807 2248 ductum
829 2194 863 2247 iri
890 2211 935 2247 cx-

84 2267 245 2335 istimarent,
275 2267 444 2337 praesidium
475 2267 581 2321 Genabi
611 2269 718 2323 tuendi'
738 2285 827 2337 causa,
859 2270 934 2338 quod

85 2360 118 2397 co
143 2343 295 2412 mitterent,
316 2344 517 2412 comparabant.
550 2344 614 2397 Huc
637 2344 721 2397 biduo
744 2346 884 2413 pervenit:
905 2350 934 2400 ct

84 2420 182 2473 castris
208 2423 273 2474 ante
301 2420 430 2490 oppidum
456 2419 553 2487 positis
577 2419 632 2473 diei
661 2423 786 2489 tempore
810 2421 935 2475 exclusus

84 2495 112 2548 in
133 2499 273 2562 posterum
293 2494 522 2565 oppugnationem
544 2496 645 2562 differt,
665 2512 789 2565 quaeque
813 2496 849 2548 ad
873 2513 934 2551 cam

84 2586 143 2622 rem
166 2571 227 2623 usui
251 2572 306 2625 sint
328 2571 461 2624 militibus
484 2572 616 2640 imperat3
640 2574 677 2639 et,
697 2571 772 2641 quod
802 2572 933 2640 oppidum

85 2645 227 2699 Genabum
238 2662 306 2714 pons
318 2646 436 2700 fluminis
449 2647 555 2715 Ligeris
573 2646 758 2715 contingebat,
777 2648 881 2701 veritus
898 2665 933 2702 uc

84 2724 167 2775 noctu
185 2737 220 2774 ex
240 2721 340 2790 oppido
360 2725 547 2791 profugerent,
568 2724 636 2778 duas
655 2723 776 2792 legiones
797 2723 825 2776 iu
850 2725 934 2778 armis

84 2797 219 2850 excubare
253 2797 342 2865 jubet
383 2800 559 2855 Genabenscs
588 2800 681 2868 paullo
712 2804 777 2854 anto
814 2799 933 2854 mediam

83 2877 190 2926 noctem
208 2872 315 2960 silendo
332 2891 364 2928 ex
377 2876 477 2944 oppido
490 2877 591 2944 egressi
603 2877 703 2930 flumen
712 2876 830 2930 transire
839 2893 933 2942 coepe-

83 2953 155 3004 runt
192 2949 252 3021 Qua
262 2966 293 3003 re
302 2966 352 3019 per
361 2950 964 3021 exploratorestrunctetabsssssxegxssssf

81 3041 149 3091 quas
161 3025 305 3095 expeditas
321 3044 383 3083 esso
396 3028 537 3099 jusserat,
549 3029 648 3100 portis
658 3011 1001 3106 'siscensis'ussatidammaq

69 3104 157 3164 *lique
179 3103 285 3172 oppido
310 3107 434 3177 potitur,
461 3108 626 3180 perpaucis
650 3095 858 3159 cmissatum
877 3083 992 3129 imm*

992 3135 1001 3164 Ν

59 3173 321 3254 d⁰⁸1d⁶m⁸l⁸qui11
344 3184 483 3261 [cuncti]
500 3186 570 3244 vivi
588 3179 804 3254 caperentur,
820 3167 903 3226 03³²
927 3149 1000 3204 aas
