2018 3396
450 144 563 195 LIBER
578 146 613 196 V.
933 149 964 199 95

109 226 152 280 nis
178 226 321 281 itineribus
348 226 378 280 in
404 226 567 280 Nerviorum
597 226 673 280 fines.
710 225 755 280 lbi
785 243 820 281 ex
850 226 965 297 captivis

109 303 247 372 cognoscit
258 319 329 373 quae
340 302 416 372 apud
428 302 587 356 Ciceronem
605 305 744 371 gerantur,
762 305 920 372 quantoque
935 303 964 356 in

109 379 229 447 periculo
241 397 285 433 rcs
298 378 341 432 sit.
379 378 448 432 Tum
460 378 566 432 cuidam
579 396 614 432 ex
632 379 772 447 equitibus
789 378 874 432 Callis
889 395 964 446 mag-

109 455 151 508 nis
174 455 303 521 praemiis
327 454 476 524 persuadet
503 455 543 508 uti
572 455 608 507 ad
635 455 795 508 Ciceronem
822 454 964 523 epistolam

110 530 223 585 deferat.
261 531 341 584 Hanc
362 530 474 585 Graccis
495 530 675 598 conscriptam
695 529 796 584 litteris
816 530 910 598 mittit,
929 547 965 584 nc

109 605 261 676 intercepta
284 607 401 675 epistola
418 609 513 660 nostra
530 606 566 660 ab
583 605 707 660 hostibus
725 606 836 659 consilia
854 623 965 674 eognos-

110 687 215 737 cantur.
252 682 281 736 Si
301 682 378 736 adire
396 699 450 736 non
470 683 563 749 possit,
586 686 679 735 monet
698 685 731 735 ut
750 682 885 750 tragulam
903 698 963 735 cum

110 759 226 826 epistola
237 758 274 812 ad
286 762 426 813 amentum
443 759 562 826 deligata
579 759 653 811 intra
668 758 847 811 munitionem
863 761 965 811 castro
1004 796 1008 803 .

110 851 171 886 rum
183 833 302 902 abjiciat.
339 835 374 888 In
386 834 487 889 litteris
500 834 594 888 scribit
612 851 641 888 sc
659 851 720 888 cum
737 834 888 903 legionibus
903 850 965 902 pro-

110 912 211 963 fectum
223 910 352 964 celeriter
363 911 471 965 adfore.
490 911 618 964 hortatu
630 914 662 964 ut
673 911 819 979 pristinam
832 910 963 964 virtutem

109 987 235 1040 retincat.
272 985 366 1040 Gallus
378 986 964 1056 perieulumveritus,uteratpracecptu1n,

110 1062 245 1128 tragulam
254 1062 348 1116 mittit.
379 1062 456 1116 Haec
464 1078 528 1115 casu
537 1062 573 1115 ad
582 1063 681 1116 turrim
690 1062 822 1129 adhaesit,
832 1078 921 1130 neque
930 1061 965 1114 ab

110 1137 798 1207 nostrisbiduoanimadversatertiodieaquodam
808 1138 965 1192 militccon-

110 1214 238 1281 spieitur;
250 1212 362 1281 dempta
380 1213 585 1267 adCiceronem
595 1214 727 1267 defertur.
756 1213 808 1267 Ille
816 1213 964 1282 perlectam

110 1291 138 1341 in
158 1293 292 1342 conventu
308 1289 425 1342 militum
440 1289 547 1356 recitat,
561 1289 735 1358 inanimaque
751 1306 845 1342 omnes
861 1289 966 1343 laetitia

111 1364 212 1418 adficit.
248 1365 316 1417 Tum
328 1364 396 1416 sirini
408 1363 594 1418 incendiorum
606 1365 700 1433 procul
713 1365 883 1432 videbantur,
896 1381 966 1432 quae

111 1455 156 1493 res
167 1454 275 1492 omnem
288 1439 488 1494 dubitationem
500 1439 634 1493 adventus
646 1440 783 1508 legionum
796 1440 908 1509 expulit.

163 1521 205 1568 49.
243 1514 313 1568 Calli
337 1532 368 1568 rc
392 1515 501 1582 cognita
521 1531 572 1584 per
591 1514 778 1584 exploratores
796 1515 966 1570 obsidionem

111 1590 277 1659 relinquunt,
301 1591 338 1643 ad
362 1591 506 1644 Caesarem
529 1590 655 1644 omnibus
680 1591 764 1659 copiis
784 1591 966 1646 contendunt:

111 1666 163 1719 hae
180 1669 261 1720 erant
278 1669 446 1720 armatomm
463 1666 573 1721 circiter
597 1666 672 1720 milia
698 1682 742 1720 ax.
779 1667 874 1721 Cicero
900 1667 966 1721 data

111 1743 243 1798 facultate
269 1743 377 1797 Gallum
405 1742 441 1796 ab
469 1743 567 1799 eodem
595 1744 753 1810 Verticone,
778 1760 859 1812 quem
884 1760 967 1812 supra

113 1819 366 1887 demonstravimus,
380 1819 483 1887 repetit
494 1820 542 1888 qui
556 1819 664 1874 litteras
680 1820 714 1872 ad
735 1820 880 1872 Caesarem
897 1819 966 1873 refe-

112 1899 169 1949 rut':
197 1894 268 1949 bunc
296 1895 425 1948 admonet
452 1895 611 1950 itercaute
639 1895 841 1963 diligenterque
869 1895 965 1949 saciat:

112 1970 258 2040 perscribit
269 1971 297 2025 in
309 1971 416 2039 litteris,
429 1970 522 2025 hostes
534 1970 568 2024 ab
585 1988 615 2025 se
632 1970 789 2026 discessisse
805 1987 967 2040 omnemque

112 2047 148 2100 ad
166 2063 228 2101 eum
246 2046 451 2101 multitudinem
469 2048 642 2102 convertisse.
678 2046 783 2110 Quibus
800 2047 902 2101 litteris
918 2047 968 2100 eir-

112 2122 182 2176 citer
205 2124 295 2178 media
319 2127 399 2178 nocte
424 2122 525 2177 Cacsar
549 2123 638 2177 allatis
663 2140 725 2176 suos
743 2124 810 2176 facit
827 2123 966 2191 certiores

113 2215 213 2266 cosque
237 2198 273 2252 ad
292 2197 476 2252 dimicandum
495 2198 584 2252 animo
608 2199 763 2254 confirmat:
785 2202 896 2268 postero
922 2198 968 2252 dic

113 2275 173 2328 luce
195 2274 285 2342 prima
308 2276 400 2329 movet
424 2276 521 2342 castra,
546 2277 576 2329 ct
593 2275 711 2329 'circiter
737 2275 812 2328 milia
837 2291 967 2343 passuum

72 2407 79 2419 ,
114 2351 230 2418 quatuor
242 2365 402 2419 progressus
415 2352 491 2403 trans
503 2350 602 2404 vallem
614 2367 741 2418 magnam
754 2353 783 2403 ct
794 2350 882 2402 rivum
899 2350 968 2403 mul-

113 2426 260 2480 titudinem
272 2425 394 2478 hostium
406 2426 583 2494 conspicatur,
620 2427 687 2492 Erat
699 2425 790 2492 magni
802 2426 915 2492 periculi
924 2442 968 2478 rcs

114 2519 175 2555 cunr
194 2501 278 2555 tantis
298 2500 383 2569 copiis
402 2497 495 2568 iniquo
514 2502 572 2555 loco
597 2501 742 2565 dimicare;
760 2504 820 2554 tum
840 2500 968 2568 quoniam

114 2577 255 2631 obsidione
279 2576 427 2630 liberatum
452 2577 610 2632 Ciceronem
635 2576 745 2643 sciebat,
768 2592 855 2644 aequo
878 2576 969 2629 animo

114 2653 312 2707 remittendum
337 2653 372 2706 dc
396 2652 537 2707 celeritate
562 2652 744 2707 existimabat.
782 2650 920 2720 Consedit,
941 2656 969 2706 ct

115 2746 198 2798 quam
221 2728 383 2796 aequissimo
404 2731 496 2796 potest
516 2729 575 2783 loco
597 2732 687 2783 castra
709 2728 865 2795 communit,
886 2732 970 2796 atquo

117 2804 184 2858 baec
196 2804 249 2858 etsi
261 2807 339 2857 crant
361 2804 460 2872 exigue
476 2821 526 2873 per
541 2822 577 2872 se,
590 2804 636 2858 vix
652 2802 791 2856 hominum
806 2803 912 2857 milium
928 2819 970 2857 vu

115 2879 279 2950 praesertim
305 2880 386 2933 nullis
399 2888 472 2935 'cum
492 2880 702 2949 impedimentis,
722 2881 816 2932 tauron
837 2880 981 2949 semustas.

116 2957 222 3009 viarum
235 2972 317 3023 quam
328 2956 448 3011 maxime
458 2961 558 3029 potest
569 2955 715 3011 contrusa
724 2968 762 3004 eo
783 2949 907 3018 consum
917 2947 960 2985 xs-
969 2952 1001 2979 xx

111 3049 247 3086 summam
260 3035 507 3108 contemptionem
514 3033 659 3090 nostibus
671 3026 791 3080 ueniat,
811 3015 1009 3113 xixaexxffz

103 3109 276 3167 culatoribus
288 3112 320 3168 in
334 3130 437 3171 omnes
455 3119 566 3187 partes
587 3102 726 3164 dimissis
745 3080 936 3180 23&er

93 3186 266 3250 modissime
278 3190 394 3252 itincre
408 3194 524 3253 uallem
537 3185 682 3250 transire
690 3169 811 3249 iffi*

692 3300 712 3334 t
