2018 3396
428 44 441 66 t

92 120 139 167 112
313 145 319 153 ·
350 117 378 167 O.
396 114 498 164 JULII
514 114 688 163 CAESARIS

66 263 70 270 .
93 197 238 252 Paullatim
257 195 408 250 adsuefacti
425 194 724 264 superarimultisque
739 194 806 249 victi
822 196 949 266 proeliis,

90 291 126 328 ne
138 290 168 327 se
180 273 293 342 quidem
305 272 357 340 ipsi
371 288 432 324 cum
446 270 499 324 ilis
512 270 615 325 virtute
628 275 796 340 comparant.

144 355 185 402 25.
223 347 315 415 Hujus
331 348 483 416 Hercyniae
495 346 586 414 silvae,
599 363 669 416 quae
682 364 764 414 supra
774 347 948 403 demonstra

91 429 121 480 ta
140 428 190 492 est,
202 423 321 477 latitudo
333 440 429 476 uorem
443 423 550 477 dierum
562 423 617 477 iter
629 423 759 493 expedito
777 427 871 492 patet:
893 442 950 479 nou

92 501 164 555 euim
177 501 256 554 aliter
268 500 340 552 finiri
352 503 452 568 potest,
464 516 554 566 neque
566 516 708 554 mensuras
720 499 851 554 itinerum
865 517 950 556 nove·

92 581 164 644 runt.
200 577 297 631 Oritur
312 577 347 630 ab
366 576 557 630 Helvetiorum
574 580 603 630 et
623 576 772 631 Nemetum
791 581 822 630 et
841 576 950 631 Ranae

91 670 186 707 corum
198 653 305 719 finibus,
318 656 450 720 rectaque
463 652 518 705 ilun
528 652 580 705 inis
596 652 714 706 Danubii
730 652 842 720 regione
860 656 948 720 pcrti-

92 729 196 783 netad
220 730 288 782 fines
313 730 449 782 Dacorum
473 733 502 782 et
556 730 691 795 nartium3
714 729 778 782 hinc
802 745 833 782 se
857 730 950 791 flectit

93 806 264 859 sinistrorsus
277 805 392 858 dirersis
401 805 436 858 ab
445 805 556 858 flumine
565 806 730 873 regionibus,
739 805 949 874 multarumque

92 882 217 948 gentium
240 881 308 934 fines
325 884 439 949 propter
462 882 680 948 magnitudinem
704 882 831 949 attingit3
855 898 949 950 neque

93 957 237 1026 quisquam
261 961 305 1010 est
330 957 412 1025 hujus
435 957 599 1012 Germaniae
617 959 665 1026 qui
683 975 713 1011 se
731 963 780 1010 aut
797 957 891 1011 edisse
910 959 948 1012 ad

92 1033 201 1086 initium
213 1033 273 1102 ejus
286 1034 370 1087 silvae
383 1034 465 1099 (licat,
476 1051 560 1102 quum
573 1034 679 1087 dierum
692 1035 746 1088 iter
759 1048 795 1087 ux
804 1050 948 1102 processe-

92 1110 137 1176 rit,
151 1113 265 1177 auique
281 1127 316 1163 ex
333 1109 392 1163 loeo
409 1111 514 1163 oriatur
532 1111 682 1180 acceperit:
701 1110 843 1177 multaque
863 1110 892 1162 in
913 1128 949 1164 ea

92 1202 194 1253 gonaro
205 1187 324 1239 ferarum
337 1186 410 1240 risaei
424 1190 532 1240 constat
545 1203 615 1254 quae
631 1186 745 1255 reliquis
759 1186 788 1239 in
801 1185 869 1239 locis
886 1188 949 1240 visa

93 1279 145 1315 non
159 1263 228 1316 siut:
242 1280 276 1317 ex
289 1263 389 1332 quibus
402 1280 472 1332 quae
484 1264 603 1317 maxime
615 1263 744 1316 differant
755 1261 791 1316 ab
802 1262 905 1316 ceteris
915 1268 948 1317 et

93 1340 239 1392 memoriae
251 1340 392 1408 prodenda
404 1340 549 1393 rideantur
560 1340 627 1394 haec
639 1342 711 1394 sunt.

145 1423 186 1471 26.
224 1417 274 1469 list
285 1415 335 1469 bos
347 1415 420 1468 cervi
433 1416 527 1483 figura,
540 1415 619 1483 cujus
630 1432 647 1469 a
657 1415 749 1470 media
765 1414 856 1468 fronte
871 1415 948 1469 inter

92 1507 172 1545 aures
184 1510 268 1545 unum
280 1509 363 1545 cornu
382 1492 491 1546 exsistit
503 1492 636 1546 excelsius
651 1493 793 1560 magisque
808 1489 946 1544 directum

93 1568 136 1622 his
160 1585 230 1637 quae
253 1568 331 1621 nobis
354 1571 419 1621 nota
442 1571 505 1620 suut
522 1568 655 1620 cornibus.
696 1570 738 1618 ab
757 1566 817 1634 ejus
835 1583 946 1618 surmuo

93 1646 163 1698 sieut
183 1645 290 1713 palmae
313 1643 437 1712 ramique
459 1643 516 1697 late
539 1643 736 1696 diffunduntur.
771 1642 875 1696 Eadem
900 1648 947 1696 cst

92 1721 211 1774 feminae
228 1720 365 1789 marisque
382 1723 488 1786 natura,
506 1719 603 1773 eadem
621 1719 708 1772 forma
726 1718 947 1786 magnitudoque

92 1812 231 1850 cornuum.

149 1876 190 1928 27.
228 1873 297 1926 Sunt
310 1872 376 1926 item
389 1887 459 1940 quae
471 1871 645 1940 appellantur
659 1871 738 1926 alces.
774 1871 881 1924 Harum
900 1876 947 1926 est

94 1948 239 2002 consimilis
252 1948 357 2015 capreis
370 1948 457 2015 figura
469 1951 498 2000 et
510 1948 628 2000 varietas
640 1947 767 2015 pellium;
780 1946 828 2000 sed
839 1948 947 2014 magni-

93 2024 191 2078 tudine
210 2023 301 2090 paullo
321 2022 487 2076 antecedunt
503 2024 669 2090 mutilaeque
686 2026 750 2076 suut
766 2023 900 2088 cornibus
914 2028 948 2078 et

93 2117 173 2154 crura
196 2100 255 2152 sine
278 2099 357 2151 nodis
381 2099 557 2167 articulisque
582 2099 698 2164 habent;
722 2116 811 2166 neque
840 2099 948 2166 quietis

93 2177 175 2229 causa
187 2174 377 2244 procumbunt,
391 2192 487 2243 neque,
501 2176 524 2228 si
537 2192 591 2244 quo
606 2175 722 2229 afflictae
738 2191 802 2228 casu
818 2175 946 2247 concide

93 2255 165 2319 runt,
191 2252 296 2320 erigere
321 2267 381 2304 sese
403 2254 451 2304 aut
475 2250 617 2306 sublevare
641 2255 762 2320 possunt.
801 2251 853 2303 llis
878 2256 945 2305 sunt

93 2329 204 2382 arbores
225 2338 274 2397 pro
295 2327 444 2381 cubilibus:
468 2327 568 2380 adeas
587 2324 622 2381 se'
639 2328 782 2397 applicant,
801 2331 886 2394 atque
903 2328 945 2380 ita

93 2406 214 2474 paullum
226 2405 307 2457 modo
323 2404 470 2457 reclinatae
487 2404 609 2471 quietem
628 2404 754 2473 capiunt3
773 2419 888 2470 quammr
908 2411 945 2457 ex'

92 2481 215 2550 vestigiis
228 2498 312 2550 quum
324 2484 368 2534 est
383 2480 601 2533 animadversum
618 2496 635 2533 a
651 2477 826 2533 venatoribus
842 2495 896 2547 quo
914 2495 944 2532 se

93 2559 214 2628 recipere
238 2557 400 2622 consuerint,
419 2573 512 2608 omnes
536 2571 569 2608 eo
592 2555 651 2608 loco
675 2557 722 2608 aut
746 2553 781 2607 ab
804 2553 944 2607 radicibus

93 2635 229 2689 subruunt
240 2638 288 2688 aut
300 2633 427 2687 accidunt
440 2631 551 2684 arbores
562 2635 670 2684 tantum
682 2634 714 2683 ut
724 2645 830 2682 summa
838 2631 943 2697 species

93 2728 187 2765 earum
207 2711 338 2765 stantium
357 2709 535 2777 relinquatur.
574 2708 636 2760 lluc
652 2723 736 2775 quum
754 2722 783 2758 se
799 2709 944 2758 consuetu-

94 2788 158 2841 dine
178 2788 388 2852 recliuaverunt,'
405 2785 527 2838 infirmas
548 2782 659 2836 arbores
677 2781 799 2851 pondere
818 2781 944 2848 affligunt

39 2901 43 2908 ·
92 2868 176 2932 atque
188 2880 242 2917 una
253 2864 328 2931 ipsae
341 2861 494 2916 concidunt.

145 2946 185 2995 28.
222 2941 344 2995 Tertium
361 2941 404 2992 est
420 2953 506 3004 genus
524 2952 618 2988 eorum
636 2935 684 3004 qui
700 2935 744 2987 uri
762 2934 942 3022 appellantur.

82 3016 130 3068 lli
135 3018 204 3070 sunt
213 3006 322 3086 magnit
303 3015 408 3072 tudine
419 3013 512 3086 paullo
524 3011 599 3066 iuira
615 3011 794 3080 eleqlmntos3
810 3011 902 3074 sqee'xe
916 3013 948 3059 et

65 3091 162 3145 colore
173 3096 207 3148 et
219 3095 312 3164 ligura
330 3095 414 3152 tauri,
455 3094 565 3163 Magna
579 3091 624 3145 uis
641 3103 742 3142 corum
757 3088 804 3138 cst.
819 3087 967 3142 ebriusque.

50 3165 198 3238 solome,
214 3189 315 3244 reque
325 3175 443 3233 bomini
457 3188 558 3247 neque
571 3169 653 3226 ierac
667 3177 758 3235 quam
768 3151 983 3220 coussbffiffil
