2018 3396
84 128 115 176 68
323 127 351 175 0.
369 125 472 175 JULII
490 123 671 173 CAESARIS·

136 212 178 262 23.
215 205 269 259 llis
286 204 442 259 constitutis
460 203 542 258 rebus
559 207 656 256 nactus
671 201 797 257 idoneam
814 203 850 257 ad
864 204 939 257 navi-

83 284 203 352 gandum
221 284 416 350 tempestatem
432 281 517 334 tertia
531 280 590 334 fere
601 279 698 346 ,vigilia
713 280 801 345 solvit,
818 280 939 348 equites-

84 377 138 428 que
149 359 177 412 in
188 357 347 412 ulteriorem
359 361 469 426 portum
481 355 610 425 progredi
623 359 653 409 et
665 372 745 408 naves
757 356 939 411 conscendere

83 439 154 489 etse
167 434 244 501 sequi
255 432 348 501 jussit.
385 435 412 486 A
429 432 529 502 quibus
545 448 629 501 quum
645 432 727 500 paule
743 431 848 485 tardius
865 436 938 487 esset

83 509 310 577 administratum,
323 510 381 578 ipse
393 509 460 562 hora
472 508 582 562 circiter
594 507 649 562 diei
662 511 761 576 quarta
772 509 940 577 cumprimis

83 585 198 640 navibus
214 585 385 639 Britanniam
401 585 503 652 attigit,
520 588 604 653 atque
621 583 660 637 ibi
677 583 705 636 iu
723 583 848 637 omnibus
866 586 938 638 eolli-

69 661 134 716 *bus
146 662 283 731 expositas
296 661 414 715 bostium
426 661 518 729 copias
533 663 651 715 armatas
667 660 815 729 conspexit.
852 661 937 729 Cujus

82 737 133 792 loci
146 737 212 791 haec
224 740 285 790 crat
297 741 395 790 natura
411 740 495 804 atque
511 737 551 790 ita
566 735 706 790 montibus
722 737 845 804 angustis
861 754 937 791 mure

81 812 273 885 continebatur
289 812 331 866 uti
343 829 377 865 ex
390 813 456 866 loeis
469 811 655 881 superioribus
667 812 696 865 in
709 812 776 866 litus
788 812 873 866 telum
888 813 936 866 ad-

55 928 68 937 .
82 890 118 958 igi
130 892 232 958 posset.
270 888 351 941 Hune
363 888 399 941 ad
409 888 606 956 egrediendum
621 876 794 957 nequeduam
806 888 935 943 idoneum

81 966 168 1019 locum
181 964 338 1030 arbitratus,
350 964 416 1017 dum
429 964 551 1032 reliquae
563 980 646 1018 naves
658 980 691 1017 eo
704 963 886 1030 convenirent,
898 965 936 1019 ad

81 1042 175 1095 boram
199 1057 296 1095 nonam
320 1040 348 1093 in
372 1041 477 1094 ancoris
501 1041 664 1109 expectavit.
703 1040 818 1094 Interim
836 1040 935 1108 legatis

81 1117 253 1185 tribunisque
276 1116 395 1170 militum
418 1117 579 1184 convocatis,
603 1119 631 1169 et
655 1133 725 1184 quae
743 1133 777 1170 ex
795 1115 934 1170 Voluseno

80 1197 222 1261 cognosset
234 1195 264 1246 et
276 1209 346 1259 quac
358 1192 418 1245 fieri
430 1192 513 1246 vellet
524 1191 655 1258 ostendit,
668 1192 836 1259 monuitque,
849 1195 881 1245 ut
893 1193 933 1246 rei

47 1294 52 1302 v
80 1271 204 1324 militaris
216 1268 293 1332 ratio,
306 1269 424 1322 maxime
437 1273 468 1322 ut
480 1268 634 1322 maritimae
650 1285 694 1322 res
710 1269 889 1336 postularent,
901 1274 933 1324 ut

80 1363 164 1415 quum
177 1346 291 1399 celerem
305 1348 389 1413 atquc
402 1344 557 1398 instabilem
569 1348 674 1397 motum
686 1344 820 1398 haberent
832 1345 868 1399 acl
883 1361 932 1398 nu-

79 1425 185 1475 tumet
203 1421 239 1474 ad
257 1425 367 1489 tempus
385 1437 479 1474 onmes
496 1437 541 1473 res
558 1420 593 1472 ab
611 1419 644 1472 iis
666 1419 930 1476 administrarentur.

80 1497 134 1551 llis
150 1496 270 1550 dimissis
285 1501 314 1551 ot
330 1499 441 1550 ventum
458 1499 488 1549 et
505 1498 611 1549 aestum
627 1512 681 1548 une
698 1498 821 1564 tempore
836 1501 932 1550 nactus

79 1573 227 1627 secuudum
252 1572 317 1626 dato
335 1573 411 1640 signo
430 1576 459 1625 ct
477 1572 592 1625 sublatis
610 1571 715 1624 ancoris
732 1573 841 1627 circiter
857 1574 932 1628 milia

78 1664 207 1718 passuum
219 1663 261 1702 vu
273 1648 308 1702 ab
320 1664 353 1701 co
364 1649 422 1701 loco
434 1664 593 1715 progressus
605 1650 701 1715 aperto
713 1664 745 1703 ae
756 1649 836 1717 plano
851 1649 932 1704 litero

78 1741 161 1779 naves
172 1724 324 1778 constituit

130 1806 170 1854 24.
207 1802 247 1853 At
267 1797 375 1853 barbari
392 1799 503 1852 consilio
520 1798 702 1853 Romanorum
721 1801 836 1869 cognito,
856 1818 932 1869 prae

77 1876 160 1930 misso
175 1876 300 1945 equitatu
315 1878 344 1928 et
361 1874 514 1941 essedariis,
530 1891 584 1942 quo
602 1875 766 1944 plerumque
783 1893 884 1943 genere
902 1877 931 1930 in

78 1952 187 2020 proeliis
200 1951 240 2004 uti
253 1953 426 2016 consuerunt,
439 1949 553 2018 reliquis
568 1951 653 2018 copiis
670 1951 808 2004 subsecuti
824 1956 931 2006 nostros

77 2027 191 2081 navibus
203 2027 297 2095 egredi
311 2025 499 2094 prohibebant.
530 2025 599 2079 Erat
611 2025 646 2079 ob
658 2026 708 2080 has
720 2044 814 2081 causas
826 2045 931 2082 summa

78 2103 231 2169 difficultas,
241 2101 314 2169 quod
326 2117 408 2155 naves
420 2105 533 2169 propter
544 2102 759 2171 magnitudinem
771 2103 823 2157 nisi
835 2103 862 2155 in
874 2104 931 2157 alto

77 2178 206 2234 constitui
218 2194 271 2230 non
284 2180 419 2245 poterant,
432 2177 565 2231 militibus
577 2182 668 2234 autem
684 2179 784 2248 ignotis
798 2179 870 2244 locis,
881 2181 931 2233 im-

77 2255 179 2322 peditis
191 2253 317 2306 manibus
330 2269 428 2320 magno
441 2257 469 2307 et
481 2254 556 2320 gravi
573 2271 655 2308 onere
669 2272 805 2310 armorum
820 2272 931 2325 oppres-

78 2332 122 2394 sis,
136 2329 216 2381 simul
229 2332 258 2381 et
270 2328 305 2382 de
316 2328 430 2381 navibus
443 2328 625 2382 desiliendum
638 2333 667 2384 et
683 2332 711 2384 in
727 2330 854 2384 fluctibus
870 2347 931 2385 con-

77 2403 228 2460 sistendum
246 2407 274 2458 ct
290 2420 351 2457 cum
363 2403 493 2457 ‚hostibus
511 2409 571 2458 erat
588 2407 771 2474 pugnandum,
790 2423 874 2476 quum
892 2407 930 2461 illi

76 2486 124 2536 aut
143 2498 177 2535 ex
198 2480 274 2535 arido
290 2483 338 2532 aut
352 2480 463 2548 paulum
477 2480 505 2533 iu
521 2498 620 2550 aquam
643 2482 788 2552 progressi,
806 2483 930 2536 omnibus

76 2557 206 2612 membris
227 2555 371 2625 expeditis,
396 2556 543 2610 notissimis
563 2558 628 2611 loeis
650 2558 782 2613 audacter
797 2559 853 2613 tela
868 2575 930 2612 eon-

71 2634 192 2704 jicerent
208 2637 237 2688 et
255 2648 338 2700 eques
356 2633 520 2687 insuefactos
538 2634 689 2690 incitarent.
726 2634 830 2699 Quibus
847 2635 930 2688 robus

75 2710 162 2765 nostri
186 2708 327 2778 perterriti
350 2712 435 2776 atque
459 2709 540 2777 hujus
564 2711 672 2764 omnino
696 2710 805 2779 generis
822 2725 930 2778 pugnae

74 2786 195 2855 imperiti
207 2802 260 2838 nou
273 2783 369 2838 cadem
382 2784 523 2839 alac1itatc
534 2802 566 2840 ae
578 2786 670 2841 studio
686 2802 740 2855 quo
756 2786 783 2838 iu
795 2785 930 2854 pedestri-

75 2861 127 2916 bus
139 2861 180 2915 uti
192 2860 303 2930 proeliis
315 2866 479 2915 consuerant
490 2861 649 2918 utebantur.

128 2942 168 2990 25.
205 2935 284 3002 Quod
301 2935 349 2989 ubi
368 2937 469 2990 Caesar
494 2937 696 3006 animadvertit,
720 2943 803 2994 nates
826 2938 928 3008 longas,

75 3028 190 3080 quarum
203 3016 232 3066 et
244 3012 348 3079 speeies
360 3015 422 3068 erat
433 3012 558 3066 barbaris
573 3013 730 3068 inusitatior
744 3018 773 3070 et
786 3019 878 3068 motus
891 3015 928 3071 ad

74 3102 155 3141 usum
167 3087 328 3156 expeditior,
341 3088 452 3156 paulum
466 3090 597 3143 removed
615 3089 649 3143 ab
666 3091 797 3144 onerariis
812 3089 927 3145 navibus

67 3161 196 3215 etrcsnts
207 3161 316 3218 lucitau‘
329 3166 358 3220 ct
370 3163 405 3219 ad
422 3164 495 3220 latus
511 3168 638 3236 apertum
653 3165 772 3221 bostium
788 3164 926 3232 constitui,

37 3312 48 3365 ἰ
104 3300 110 3311 .
