2018 3396
436 95 548 186 LIBElt
567 138 615 187 VI.
904 139 951 187 113

98 225 224 288 parcunt.
261 221 321 274 llos
334 221 457 293 studiose
469 222 555 275 foreis
567 224 662 290 captos
677 220 854 275 interficiunt.
890 220 951 274 Hoc

98 297 238 366 solabere
254 297 357 352 durant
370 297 516 367 [homines]
531 297 719 352 adolescentes
734 300 819 366 atque
836 297 888 350 hoc
904 313 952 364 ge·
969 296 972 301 ⁴

96 389 164 428 nere
175 375 326 428 venationis
338 378 483 439 exercent;
496 378 524 428 et
536 375 583 444 qui
595 372 727 444 plurimes
738 391 774 428 ex
785 373 829 427 his
840 373 951 427 interfe-

97 453 202 524 cerunt,
212 450 306 504 relatis
319 452 346 503 in
356 450 495 518 publicum
506 450 633 505 cornibus
645 466 716 519 quae
728 449 783 504 sint
794 450 950 504 testimonio

97 543 224 594 magnam
236 527 330 583 lerunt
342 527 458 580 laudem.
495 526 551 581 Sed
562 526 725 580 adsuescere
736 526 773 580 ad
785 526 908 579 hominos
921 530 950 580 et

98 602 270 656 mansuefieri
282 620 317 656 ne
329 603 436 671 parvuli
449 602 560 671 quidem
573 602 680 671 excepti
689 605 811 670 possunt.
842 602 949 670 Ampli-

97 678 167 732 tudo
184 695 316 732 cornuum
333 681 361 732 et
376 679 464 746 figura
476 682 505 731 et
518 679 623 746 specics
636 679 752 732 inultum
765 694 782 730 a
793 683 948 731 nostrorum

97 753 180 808 boum
203 755 330 808 cornibus
354 754 454 808 diflert.
491 732 568 807 liaeo
592 754 715 807 studiose
738 753 890 822 conquisita
914 754 949 820 ab

96 829 181 884 labris
193 834 307 898 argente
320 830 536 884 circumcludunt
548 834 632 898 atque
641 830 669 882 in
679 829 852 897 amplissimis
861 830 948 898 epulis

96 921 147 974 pro
158 907 262 973 poculis
275 911 398 960 utuntur.
456 938 462 950 ·

149 987 190 1038 29.
228 983 329 1036 Caesar
341 985 486 1050 postquam
503 998 553 1051 per
569 981 657 1035 Ubios
673 980 859 1048 exploratores
875 997 948 1034 com-

96 1058 169 1126 perit
181 1057 284 1111 Suevos
301 1075 361 1112 sese
377 1058 405 1110 in
422 1058 503 1111 silvas
519 1058 663 1126 recepisse,
681 1057 799 1125 inopiam
817 1058 946 1111 frumenti

96 1135 206 1200 veritus,
218 1134 300 1201 quod,
312 1138 344 1187 ut
365 1150 447 1202 supra
463 1133 715 1200 demonstravimus,
726 1133 838 1186 minime
854 1149 946 1187 omnes

98 1208 228 1262 Germani
247 1211 432 1277 agriculturae
451 1210 571 1278 student,
584 1209 726 1262 constituit
744 1225 799 1261 non
817 1209 945 1276 progredi

95 1284 217 1351 longius;
241 1285 298 1354 sed,
315 1302 350 1339 ne
368 1285 476 1339 omnino
500 1291 604 1338 metum
628 1285 734 1338 reditus
758 1284 798 1337 sui
822 1284 945 1338 barbaris

96 1361 215 1429 tolleret,
227 1365 311 1430 atque
322 1365 355 1414 ut
367 1378 460 1415 eoruin
473 1362 575 1414 arixilia
591 1361 724 1424 tardaret,
736 1360 850 1414 reducto
866 1377 944 1414 exer-

95 1437 152 1489 citu
164 1440 272 1504 partem
285 1436 409 1490 ultimam
420 1437 519 1505 pontis,
533 1453 602 1503 quae
614 1437 687 1504 ripas
697 1435 832 1490 Ubiorum
841 1437 944 1491 coutin-

92 1511 186 1580 gebat,
208 1513 237 1566 in
261 1513 458 1580 longitudinem
476 1513 578 1582 pedum
597 1527 627 1566 co
646 1512 791 1577 rescindit;
808 1515 893 1581 atque
915 1515 943 1566 in

95 1591 219 1642 extremo
244 1593 327 1656 ponte
346 1589 444 1642 turrim
461 1589 646 1643 tabulatorum
665 1591 783 1656 quatuor
800 1586 942 1643 constituit

55 1728 57 1732 Ι
93 1663 317 1731 praesidimnque
330 1664 483 1718 cohortium
495 1680 538 1718 ΧΠ
549 1665 640 1732 pmitis
652 1664 749 1718 tuendi
762 1680 843 1717 causa
856 1666 942 1733 ponit,

94 1741 254 1810 nragurisque
278 1757 341 1794 eum
363 1740 452 1795 locum
475 1740 671 1794 munitionibus
694 1740 792 1793 firmat.
828 1740 861 1793 Ei
883 1741 942 1795 loeo

93 1816 286 1885 praesidioque
305 1816 334 1870 (i.
346 1816 500 1870 Volcatium
520 1808 627 1869 'lullum
649 1815 850 1869 adolescentem
865 1832 941 1884 prae-

93 1892 167 1946 fecit.
204 1892 276 1960 lpse‚
289 1909 374 1960 quum
386 1896 568 1945 maturescere
580 1893 718 1944 frumenta
730 1892 888 1959 inciperent,
904 1893 940 1945 ad

93 1967 196 2022 bellum
221 1968 390 2035 Ambiorigis
413 1969 550 2036 profectus
573 1984 623 2036 per
642 1967 820 2020 Arduennam
838 1966 939 2034 silvam,

93 2060 164 2112 quae
182 2049 225 2098 eet
249 2045 335 2097 totius
353 2044 455 2097 Galliae
473 2045 591 2096 maxima
608 2043 696 2112 atque
710 2043 745 2096 ab
762 2043 829 2112 ripis
850 2043 939 2096 Rheni

93 2119 248 2191 finibusque
260 2120 432 2173 Trevirorum
449 2119 486 2171 ad
503 2119 619 2172 Nervios
635 2120 763 2188 pertinet,
778 2118 940 2188 milibusque

92 2196 208 2264 arnplius
225 2196 381 2264 quingentis
394 2197 421 2248 in
437 2195 635 2262 longitudinem
649 2199 734 2264 patet,
750 2195 777 2248 b.
791 2195 939 2258 Minucium

92 2269 216 2325 Basilum
228 2289 290 2325 cum
307 2271 379 2325 omui
396 2271 522 2339 equitatu
541 2271 703 2339 praemittit,
722 2271 745 2324 si
764 2271 831 2340 quid
848 2271 940 2337 celeri-

91 2350 152 2401 tate
175 2347 282 2401 itineris
307 2354 390 2414 atque
417 2348 624 2415 opportunitate
649 2347 782 2415 temporis
806 2347 939 2415 proficere
970 2359 973 2365 '

91 2424 193 2492 possit3
207 2428 300 2477 monet
312 2428 343 2476 ut
356 2424 432 2490 ignes
444 2423 472 2475 iu
484 2424 582 2476 castris
595 2423 654 2477 fieri
669 2423 821 2491 prohibeat,
834 2439 868 2476 ne
885 2440 939 2491 qua

91 2500 152 2567 rjus
169 2499 305 2553 adrentus
322 2498 416 2568 procul
440 2498 600 2566 significatio
624 2499 687 2553 fiat:
711 2515 772 2552 sese
795 2499 938 2564 confestim

91 2576 220 2644 subsequi
233 2576 307 2630 dicit.
924 2619 927 2634 ς

143 2657 183 2706 30.
220 2652 328 2705 Basilus
339 2654 372 2705 ut
382 2650 547 2719 imperatum
559 2654 604 2704 est
619 2650 691 2704 facit.
729 2649 939 2713 Celeriter-con-

89 2731 190 2796 traque
211 2729 330 2780 ermrium
349 2727 503 2796 opinionem
522 2727 645 2788 confecto
669 2726 767 2779 itincre
787 2727 939 2790 rnultos3in

89 2806 162 2872 atomis
174 2804 346 2871 inopinantes
358 2801 555 2870 deprehendit;
575 2819 669 2856 eorum
681 2801 782 2855 iudicio
797 2802 833 2855 ad
849 2801 938 2870 ipsum

49 2901 54 2909 ·
90 2880 278 2947 Ambiorigem
290 2879 439 2947 contendit,
451 2895 505 2946 quo
518 2878 545 2930 in
558 2879 616 2932 loco
625 2895 687 2932 cum
696 2878 789 2946 paucis
799 2879 938 2946 equitibus

88 2944 154 3010 esse‘
161 2955 313 3010 dicebatur.
350 2955 470 3031 lllultnm
487 2971 577 3024 quum
586 2955 619 3007 in
632 2953 764 3016 emulatus
775 2953 883 3010 rasus,
892 2956 966 3026 aare

82 3032 111 3082 in
123 3047 155 3083 re
165 3031 280 3085 militari
291 3035 388 3102 potest
400 3032 528 3089 fortuna.
563 3032 648 3086 unm
657 3030 740 3084 stent
750 3038 863 3086 msam
876 3013 997 3103 QQXX

72 3119 137 3157 casu
151 3109 183 3180 ut
193 3107 223 3160 in
233 3108 330 3174 ipsum
345 3111 500 3168 incautum
513 3112 612 3167 etiam
621 3112 720 3175 atquo
729 3088 997 3197 qmwatxnnxffi

60 3175 317 3257 deret,pn'11squ0
339 3189 407 3261 ojus
428 3191 589 3247 aristentus
609 3187 651 3242 ab
667 3173 861 3237 noxiissimus
872 3162 977 3216 axae=
