2018 3396
430 142 540 192 monn
556 142 589 194 u.
689 103 696 112 ’
908 144 939 207 oa

87 226 178 281 monio
195 226 333 281 Ciceronis
348 225 521 292 cognoverat.
557 224 601 280 De
614 241 678 281 casu
690 225 784 281 Sabini
798 227 828 280 et
840 211 939 278 Cottae

88 304 189 357 certius
212 320 247 356 ex
271 302 386 372 captivis
412 301 557 368 cognoscit.
599 301 714 357 Postero
743 303 789 356 die
814 300 939 355 contione

87 379 182 432 habita
199 396 256 433 rem
272 382 379 447 gestam
396 377 531 446 proponit,
545 377 647 433 milites
663 379 818 432 consolatur
834 380 863 431 et
878 393 939 430 con-

88 448 195 510 firmati
212 455 286 528 quod
298 455 494 509 detrimontum
504 453 583 522 culpa
595 460 624 508 et
635 456 794 522 tomeritate
805 452 889 520 legati
902 452 939 506 sit

87 535 237 599 acceptum,
258 531 309 584 hoc
332 530 461 597 aequiore
480 529 570 583 animo
593 530 736 584 ferendum
756 531 844 596 docet,
864 530 938 598 quod

88 606 220 660 beneficio
233 607 346 660 deorum
358 604 552 658 immortalium
565 610 594 659 et
607 611 710 660 virtute
722 623 816 660 eorum
828 605 938 672 expiato

88 683 257 736 incommodo
274 699 364 750 neque
381 680 506 734 hostibus
522 681 629 735 diutina
643 682 756 735 laetatio
770 697 860 749 neque
872 680 938 748 ipsis

87 758 192 827 longior
204 759 283 812 dolor
295 759 471 826 relinquatur.
927 751 933 758 ’

139 843 180 890 53.
219 836 334 890 interim
358 834 394 888 ad
413 833 573 895 Labienum.
588 852 639 905 per
659 835 760 888 Remos
783 833 937 888 incredibili

87 913 228 967 celeritate
241 913 277 980 de
289 911 403 966 victoria
416 910 542 965 Caesaris
555 911 628 965 fama
642 911 789 980 perfertur,
801 915 841 976 ut,
853 927 936 979 quum

87 989 122 1042 ab
134 989 255 1042 hibernis
268 988 406 1042 Ciceronis
418 987 493 1040 milia
504 1003 633 1054 passuum
648 988 757 1042 abesset
771 987 881 1040 circitor
893 1002 936 1053 nx,

87 1082 173 1135 eoque
190 1069 253 1133 past
268 1065 363 1118 horam
380 1080 479 1116 nonam
497 1063 552 1117 diei
566 1063 667 1117 Cacsar
682 1064 859 1134 pervenisset,
872 1066 937 1116 anto

86 1140 205 1194 mediam
221 1144 329 1194 noctem
349 1139 385 1193 ad
405 1142 499 1207 portas
520 1142 670 1193 castromm
690 1140 791 1194 elamor
810 1140 937 1206 oriretur,

87 1232 140 1285 quo
159 1217 276 1270 clamore
291 1215 453 1282 significatio
469 1215 599 1268 victoriae
615 1215 818 1283 gratulatioque
832 1215 867 1267 ab
884 1215 937 1267 lle-

86 1292 138 1344 mis
151 1292 271 1344 Labieno
288 1291 374 1344 lieret.
412 1291 473 1343 Hac
489 1289 562 1343 sama
578 1291 613 1343 od
626 1291 752 1345 Treviros
768 1291 875 1358 perlata
894 1290 937 1342 ln-

86 1367 265 1434 duoiomarus,
284 1367 331 1435 qui
348 1370 460 1434 postero
479 1365 525 1418 die
544 1369 633 1420 castra
650 1366 763 1424 Labieni
781 1383 937 1434 oppugnare

86 1443 254 1506 decreverat,
267 1445 350 1496 noctu
364 1441 487 1509 profugit
498 1440 644 1509 copiasque
659 1458 753 1495 omnes
767 1441 796 1494 in
811 1441 936 1494 Treviros

86 1519 200 1572 reducit.
237 1518 338 1572 Caesar
362 1516 479 1570 Fabium
498 1533 559 1570 cum
580 1533 629 1570 sua
647 1517 754 1585 legione
773 1518 891 1570 remittit
909 1518 936 1570 in

86 1595 206 1660 hibema‚
223 1595 282 1662 ipse
297 1609 360 1647 cum
375 1609 410 1646 111
429 1592 581 1661 legionibus
598 1593 698 1647 circum
718 1592 935 1646 Samarobrivam

85 1671 165 1723 trinis
181 1670 303 1723 hibernis
318 1669 438 1722 hiemare
453 1668 612 1735 eonstituit;
629 1673 659 1723 et
675 1668 750 1738 quod
762 1669 832 1722 tanti
844 1673 935 1722 motus

87 1746 190 1799 Galliae
214 1746 386 1807 exstiterant,
405 1747 493 1798 totam
515 1744 634 1799 hiemem
652 1745 712 1813 ipse
730 1745 766 1798 ad
784 1745 935 1798 exereitmn

85 1838 195 1875 manere
208 1806 337 1874 decrevit.
373 1821 399 1873 N
401 1837 444 1872 am
456 1820 503 1874 illo
515 1820 686 1874 incommodo
695 1820 731 1875 de
741 1819 834 1874 Sabini
846 1825 936 1874 morte

85 1897 199 1966 perlato,
213 1914 306 1950 <armes
323 1897 381 1950 fere
398 1896 501 1950 Galliae
518 1897 644 1951 civitates
661 1896 696 1950 de
712 1896 785 1950 bello
801 1897 936 1950 consulta-

85 1972 159 2040 bant,
168 1974 279 2026 nuneios
291 1973 496 2041 legationesque
504 1973 532 2026 in
542 1989 635 2027 omnes
646 1977 740 2041 partes
750 1972 936 2037 dimittebant,

85 2048 194 2118 etquid
206 2049 304 2118 reliqui
316 2048 420 2102 consilii
433 2051 564 2117 caperent
572 2051 656 2117 atquc
665 2049 739 2102 unde
751 2049 860 2103 initium
869 2048 914 2115 bel
926 2049 936 2101 i

85 2125 165 2180 fieret
177 2124 364 2194 explorabant,
377 2127 564 2192 nocturnaque
576 2124 681 2178 inloeis
694 2124 813 2178 desertis
825 2124 936 2178 consilia

84 2201 230 2256 habebant
266 2200 366 2269 Neque
377 2199 463 2252 ullum
475 2200 533 2254 fero
545 2200 631 2254 totius
644 2200 742 2254 hiemis
755 2204 864 2269 tempus
877 2201 935 2253 sino

85 2277 268 2331 sollicitudine
287 2276 411 2330 Caesaris
427 2275 589 2342 intercessit,
606 2277 672 2346 quin
689 2277 808 2345 aliquem
824 2275 860 2329 (le
877 2292 936 2329 con-

84 2353 153 2406 ciliis
169 2369 200 2406 ac
217 2355 295 2406 motu
311 2352 452 2406 Gallorum
468 2353 596 2406 nuncium
611 2352 754 2420 acciperet.
793 2353 828 2406 In
841 2351 884 2405 his
900 2352 935 2405 ab

85 2429 116 2482 h.
134 2429 231 2482 Roscio
247 2428 344 2496 legato,
358 2444 441 2496 quem
449 2427 556 2496 legioni
572 2442 627 2482 x111
643 2429 820 2496 praefecerat,
835 2428 936 2481 certior

84 2505 173 2558 factus
195 2507 238 2558 est
260 2520 374 2571 magnas
398 2504 537 2558 Gallorum
558 2503 649 2571 copias
670 2521 765 2558 earum
784 2503 935 2570 civitatum,

84 2597 155 2648 quae
168 2580 328 2634 Armoricae
345 2581 525 2649 appellantur,
537 2580 712 2648 oppugnandi
725 2581 766 2633 sui
780 2596 861 2633 eausa
873 2596 934 2632 eon-

84 2656 198 2721 venisse,
217 2672 306 2726 neque
324 2656 431 2724 longius
448 2656 522 2710 milia
539 2672 669 2724 passuum
686 2671 741 2710 v111
759 2655 794 2708 ab
812 2655 935 2708 hibernis
969 2659 980 2680 ⁸

85 2731 142 2785 suis
165 2732 301 2797 abfuisse,
324 2733 374 2786 sed
397 2732 494 2786 nuncio
518 2732 600 2786 allato
619 2731 655 2786 de
677 2731 790 2785 victoria
812 2731 936 2784 Caesaris

86 2807 243 2862 discessisse
255 2808 323 2862 adeo
335 2813 367 2863 ut
379 2809 460 2878 fugae
473 2807 567 2861 similis
579 2807 714 2861 discessus
726 2807 875 2861 videretur.
970 2800 993 2843 i<

138 2889 178 2936 54.
200 2884 240 2937 nt
260 2884 360 2938 Caesar
380 2883 548 2953 principibus
564 2882 697 2950 cujusque
718 2882 899 2936 ciuitatisad
908 2898 947 2928 se

85 2960 212 3025 evocatis,
225 2959 292 3014 alias
304 2961 571 3033 territandqquum
580 2976 614 3013 se
623 2959 701 3014 seire
712 2972 791 3024 quae
798 2952 912 3002 herem
919 2947 975 2990 ue

79 3036 228 3105 nunciaret,
241 3036 311 3094 alias
327 3039 520 3110 cohortando,
533 3047 678 3106 magnum
691 3032 820 3102 quaem
833 3013 1008 3120 QQQQ

71 3110 159 3166 officio
173 3115 253 3169 tenui
256 3119 276 3173 t.
308 3117 330 3174 T
331 3135 421 3178 amen
431 3120 581 3185 Senones,
591 3128 674 3184 (quae
687 3112 739 3162 est
746 3091 1008 3208 &lhffigssx‘xm

58 3185 143 3246 frma
164 3197 198 3250 ei
219 3212 350 3268 ”lagnae
373 3200 460 3259 inter
480 3195 594 3258 Gallos
615 3178 838 3246 auctoritato,
