2018 3396
393 134 504 181 MBER
524 133 586 181 vn.
881 137 927 184 135
974 177 979 186 ,

78 219 127 270 aut
143 215 265 269 eratione
282 213 396 268 subdola
410 218 459 269 aut
474 215 594 268 amicitia
609 214 735 269 lucillimc
751 215 812 283 capi
827 218 928 282 posset.

80 294 133 358 Qui
158 291 274 346 Avarico
293 294 448 358 expugnate
467 291 632 359 refugerant,
650 290 796 343 aunaudos
813 291 929 345 vestien-

79 369 184 438 dosque
203 372 287 422 curat
324 366 409 420 Simul
427 371 459 421 ut
476 367 633 420 deminutae
649 367 742 436 copiae
758 367 930 434 redintegra-

79 448 182 512 rentur,
201 444 318 512 imperat
336 446 607 513 certummumerum
626 442 745 496 militum
764 443 928 511 civitatibus,

79 538 160 591 quem
173 524 202 575 et
214 536 296 588 quam
308 522 372 572 ante
389 519 462 573 diem
478 520 506 573 in
522 523 614 574 castra
628 519 728 573 adduci
745 520 826 584 velit;
845 521 929 588 sagit-

79 598 218 666 tariosque
242 612 342 662 omnes,
368 612 483 664 quorum
512 600 571 650 crat
597 613 760 665 permagnus
784 597 814 649 in
839 596 930 650 Gallia

79 690 216 741 numerus,
240 672 362 741 conquiri
386 676 415 726 et
438 672 474 725 ad
497 690 528 726 se
551 673 623 727 mitti
643 672 732 741 jubet.
769 672 823 726 His
845 672 929 726 rebus

79 751 207 805 celeriter
218 749 247 803 id
260 749 334 817 quod
348 748 458 801 Avarici
470 749 626 816 deperierat
642 749 776 817 expletur.
811 749 927 802 Interim

80 828 265 893 Teutomatus,
286 824 448 878 Olloviconis
469 825 548 891 filine,
567 842 623 878 rex·
639 825 831 893 Nitiobrigum,
850 823 929 893 cnjus

79 906 159 972 pater
182 903 217 956 ab
240 904 337 956 senatu
360 904 455 954 nostre
478 901 579 954 anricus
602 904 662 955 erat
683 901 843 970 appellatus,
867 918 928 955 cum

79 995 178 1046 magno
195 978 318 1047 equitum
336 992 446 1030 suorum
462 993 576 1030 numero
593 981 623 1030 ct
639 993 707 1045 quos
724 993 759 1031 ex
779 977 930 1043 Aquitania

79 1054 251 1109 conduxerat
262 1053 300 1106 ad
312 1069 375 1107 cum
387 1052 524 1126 pervenit,

132 1136 175 1185 32.
212 1130 313 1184 (laesar
341 1129 452 1182 Avarici
475 1129 628 1197 complures
655 1129 714 1182 dies
741 1134 930 1192 commoratus,

80 1223 268 1274 summamque
280 1205 318 1276 ibi
335 1204 440 1272 copiam
456 1205 586 1257 frumenti
603 1206 632 1257 et
648 1205 745 1272 reliqui
762 1211 929 1258 commeatus

80 1286 184 1349 nactus,
197 1281 347 1335 exercitum
360 1296 394 1332 ex
409 1280 502 1333 labore
518 1283 602 1348 atque
618 1280 709 1348 inopia
725 1281 828 1334 refecit.
863 1281 881 1333 J
884 1297 928 1333 am

80 1374 166 1427 prope
189 1357 279 1410 hieme
303 1357 433 1422 confecta,
458 1373 543 1424 quum
566 1356 625 1425 ipso
649 1356 712 1408 anni
740 1362 864 1423 tempere
893 1356 929 1410 sd

80 1433 233 1501 gerendum
256 1432 359 1486 bollum
382 1436 526 1486 uocaretur
550 1436 579 1486 ct
602 1432 639 1486 ad
661 1431 768 1486 hostem
796 1432 930 1500 proficisci

80 1509 274 1576 constituisset,
297 1509 353 1562 sive
374 1525 437 1562 eum
454 1525 488 1562 ex
508 1508 655 1577 paludibus
675 1508 804 1576 silvisque
823 1509 930 1577 elicere,

80 1587 137 1639 sivo
165 1584 306 1638 obsidione
334 1602 460 1654 premere
483 1588 584 1653 posset,
607 1584 692 1652 legati
715 1584 835 1638 adeum
859 1585 932 1653 prin-

80 1663 155 1730 cipes
168 1661 329 1715 Aeduorum
345 1661 457 1717 vcniunt
473 1664 581 1714 oratum
596 1665 629 1715 ut
645 1661 762 1715 maxime
779 1661 931 1714 necessario

81 1743 206 1807 tompore
230 1737 336 1791 civitati
362 1737 518 1792 subveniat:
544 1738 655 1792 Summo
680 1754 740 1791 esse
765 1737 795 1789 iu
812 1737 931 1805 periculo

80 1831 154 1880 rem;
176 1813 257 1882 quod,
271 1831 356 1883 quum
372 1813 470 1880 singuli
485 1813 661 1881 magistratus
677 1813 829 1882 antiquitus
845 1814 931 1867 creari

81 1894 166 1958 atque
182 1891 287 1958 regiam
303 1893 470 1958 potestatem
488 1905 589 1943 annum
608 1889 733 1944 obtinere
749 1895 931 1956 consuessent,
975 1930 980 1939 .

82 1967 137 2020 duo
155 1967 347 2034 magistratum
365 1969 464 2034 gerant
485 1968 515 2019 et
535 1969 697 2034 seniorque
714 1983 807 2020 eorum
825 1965 932 2033 legibus

81 2044 204 2096 creatum
217 2058 277 2096 esse
292 2042 371 2096 dicat.
410 2041 518 2095 Horum
532 2057 592 2096 esse
608 2042 726 2096 alterum
743 2042 934 2096 Convictolita-

81 2135 152 2184 nem,
177 2117 321 2172 florentem
350 2121 380 2172 et
406 2117 541 2171 illustrem
569 2118 787 2184 adolescentem;
815 2118 931 2172 alterum

83 2194 189 2261 (lotum,
202 2193 391 2263 antiquissima
407 2192 511 2246 familia
527 2197 629 2261 uatum,
645 2196 729 2263 atque
743 2194 833 2263 ipsum
847 2194 933 2247 hemi-

82 2278 145 2324 nem
170 2287 291 2324 summae
315 2271 456 2338 potentiae
475 2272 504 2323 et
525 2287 640 2338 magnae
659 2270 835 2338 cognationis,
855 2270 934 2338 cujus

81 2347 168 2399 frater
192 2346 348 2399 Valetiacus
372 2345 496 2413 proxime
513 2361 584 2398 anno
603 2346 720 2400 eundem
742 2347 934 2414 magistratum

81 2422 211 2489 gesserit:
232 2421 371 2475 civitatem
387 2437 495 2473 onmem
507 2436 567 2473 esse
583 2421 612 2473 iu
624 2423 713 2488 armis,
728 2422 845 2474 divisum
858 2438 934 2475 sena-

81 2504 149 2564 tum,
165 2497 282 2550 divisum
297 2495 435 2564 populum,
447 2511 510 2548 suas
529 2496 661 2564 cujusque
680 2513 774 2550 eorum
786 2497 933 2551 clientelas.

83 2572 163 2636 Quod
179 2573 202 2625 si
217 2572 322 2626 diutius
340 2570 429 2624 alatur
452 2571 642 2637 controversia,
659 2571 717 2625 fore
735 2572 778 2625 uti
796 2589 861 2642 pars
872 2589 933 2626 cunr

82 2650 162 2716 parte
175 2647 293 2701 civitatis
306 2646 450 2713 confligat;
469 2646 498 2700 id
517 2663 552 2700 ne
570 2646 677 2700 accidat
688 2647 808 2716 positum
827 2647 855 2701 in
875 2647 935 2716 ejus

58 2785 62 2793 Ι
83 2723 225 2791 diligentia
237 2727 320 2793 atquc
333 2723 503 2778 auctoritate.

135 2805 176 2853 33.
211 2799 319 2868 Caesar,
332 2799 384 2853 etsi
402 2799 500 2853 abelle
513 2801 597 2867 utque
608 2798 687 2852 hoste
700 2799 841 2853 discedere
853 2798 936 2852 detri-

82 2878 236 2928 mentosum
248 2892 307 2930 esse
320 2875 501 2943 existimabat,
513 2879 606 2929 tamen
618 2891 671 2928 non
688 2875 815 2943 ignorans
831 2879 940 2940 quanta

81 3032 111 3080 ct
135 3032 189 3081 tam
214 3028 360 3099 conjuncta
384 3032 488 3103 populo
514 3031 650 3086 Romano
671 3025 790 3085 cumas,

70 3120 183 3173 semper
206 3107 324 3167 aluisset
350 3111 551 3184 omnibusque
574 3107 673 3164 retus
703 3091 861 3155 eruas-ssim
885 3150 892 3161 .

59 3181 148 3251 ⁰⁶qu
158 3199 240 3242 arma
255 3186 474 3266 descenderet,
485 3195 587 3264 atque
600 3201 642 3242 ee.
653 3193 735 3254 pm
753 3179 842 3240 <W
855 3162 931 3204 mu>
