<?xml version="1.0" encoding="UTF-8"?>
<!DOCTYPE html PUBLIC "-//W3C//DTD XHTML 1.0 Transitional//EN"
    "http://www.w3.org/TR/xhtml1/DTD/xhtml1-transitional.dtd">
<html xmlns="http://www.w3.org/1999/xhtml" xml:lang="en" lang="en">
 <head>
  <title>
</title>
<meta http-equiv="Content-Type" content="text/html;charset=utf-8" />
  <meta name='ocr-system' content='tesseract 3.04.00' />
  <meta name='ocr-capabilities' content='ocr_page ocr_carea ocr_par ocr_line ocrx_word'/>
</head>
<body>
  <div class='ocr_page' id='page_1' title='image "./cjuliicaesarisc00caesgoog_0054.png"; bbox 0 0 2018 3396; ppageno 0'>
   <div class='ocr_carea' id='block_1_1' title="bbox 112 111 966 264">
    <p class='ocr_par' dir='ltr' id='par_1_1' title="bbox 112 111 966 264">
     <span class='ocr_line' id='line_1_1' title="bbox 112 111 966 264; baseline -0.002 -16"><span class='ocrx_word' id='word_1_1' title='bbox 112 210 162 264; x_wconf 88' lang='lat' dir='ltr'>spe</span> <span class='ocrx_word' id='word_1_2' title='bbox 173 192 251 249; x_wconf 81' lang='lat' dir='ltr'>illata</span> <span class='ocrx_word' id='word_1_3' title='bbox 262 190 397 249; x_wconf 73' lang='lat' dir='ltr'>militibus</span> <span class='ocrx_word' id='word_1_4' title='bbox 408 208 441 247; x_wconf 90' lang='lat' dir='ltr'>ae</span> <span class='ocrx_word' id='word_1_5' title='bbox 454 111 644 260; x_wconf 57' lang='lat' dir='ltr'>leldirltblgldm</span> <span class='ocrx_word' id='word_1_6' title='bbox 659 191 756 259; x_wconf 87' lang='lat' dir='ltr'>auimo,</span> <span class='ocrx_word' id='word_1_7' title='bbox 769 207 852 261; x_wconf 90' lang='lat' dir='ltr'>quum</span> <span class='ocrx_word' id='word_1_8' title='bbox 869 207 920 260; x_wconf 87' lang='lat' dir='ltr'>pro</span> <span class='ocrx_word' id='word_1_9' title='bbox 933 114 966 246; x_wconf 68' lang='lat' dir='ltr'>ib</span> 
     </span>
    </p>
   </div>
   <div class='ocr_carea' id='block_1_2' title="bbox 110 267 967 1769">
    <p class='ocr_par' dir='ltr' id='par_1_2' title="bbox 111 267 967 477">
     <span class='ocr_line' id='line_1_2' title="bbox 112 267 967 339; baseline -0.002 -16"><span class='ocrx_word' id='word_1_10' title='bbox 112 271 228 339; x_wconf 89' lang='lat' dir='ltr'>quisque</span> <span class='ocrx_word' id='word_1_11' title='bbox 239 269 269 323; x_wconf 91' lang='lat' dir='ltr'>in</span> <span class='ocrx_word' id='word_1_12' title='bbox 280 271 428 338; x_wconf 86' lang='lat' dir='ltr'>conspectu</span> <span class='ocrx_word' id='word_1_13' title='bbox 439 267 612 337; x_wconf 88' lang='lat' dir='ltr'>imperatoris</span> <span class='ocrx_word' id='word_1_14' title='bbox 624 268 709 321; x_wconf 88' lang='lat' dir='ltr'>etiam</span> <span class='ocrx_word' id='word_1_15' title='bbox 720 268 749 320; x_wconf 92' lang='lat' dir='ltr'>in</span> <span class='ocrx_word' id='word_1_16' title='bbox 762 269 894 322; x_wconf 76' lang='lat' dir='ltr'>extremis</span> <span class='ocrx_word' id='word_1_17' title='bbox 911 269 967 321; x_wconf 89' lang='lat' dir='ltr'>suis</span> 
     </span>
     <span class='ocr_line' id='line_1_3' title="bbox 112 344 966 415; baseline -0.002 -15"><span class='ocrx_word' id='word_1_18' title='bbox 112 346 195 401; x_wconf 88' lang='lat' dir='ltr'>rebus</span> <span class='ocrx_word' id='word_1_19' title='bbox 206 361 318 415; x_wconf 82' lang='lat' dir='ltr'><strong>operam</strong></span> <span class='ocrx_word' id='word_1_20' title='bbox 334 361 435 400; x_wconf 85' lang='lat' dir='ltr'>navare</span> <span class='ocrx_word' id='word_1_21' title='bbox 448 348 570 414; x_wconf 88' lang='lat' dir='ltr'>cuperet,</span> <span class='ocrx_word' id='word_1_22' title='bbox 582 344 694 413; x_wconf 84' lang='lat' dir='ltr'>paulum</span> <span class='ocrx_word' id='word_1_23' title='bbox 710 345 830 399; x_wconf 87' lang='lat' dir='ltr'>hostium</span> <span class='ocrx_word' id='word_1_24' title='bbox 846 346 966 414; x_wconf 88' lang='lat' dir='ltr'>impetus</span> 
     </span>
     <span class='ocr_line' id='line_1_4' title="bbox 111 420 302 477; baseline -0.016 1"><span class='ocrx_word' id='word_1_25' title='bbox 111 420 240 477; x_wconf 79' lang='lat' dir='ltr'><strong>tardatus</strong></span> <span class='ocrx_word' id='word_1_26' title='bbox 252 425 302 475; x_wconf 89' lang='lat' dir='ltr'>est.</span> 
     </span>
    </p>

    <p class='ocr_par' dir='ltr' id='par_1_3' title="bbox 110 495 967 1704">
     <span class='ocr_line' id='line_1_5' title="bbox 163 495 966 571; baseline -0.002 -18"><span class='ocrx_word' id='word_1_27' title='bbox 163 504 203 553; x_wconf 79' lang='lat'>26.</span> <span class='ocrx_word' id='word_1_28' title='bbox 241 498 343 553; x_wconf 74' lang='lat' dir='ltr'>Caesar</span> <span class='ocrx_word' id='word_1_29' title='bbox 364 514 449 566; x_wconf 90' lang='lat' dir='ltr'>quum</span> <span class='ocrx_word' id='word_1_30' title='bbox 470 496 614 571; x_wconf 79' lang='lat' dir='ltr'>septimam</span> <span class='ocrx_word' id='word_1_31' title='bbox 634 495 774 564; x_wconf 80' lang='lat' dir='ltr'>legionem,</span> <span class='ocrx_word' id='word_1_32' title='bbox 797 513 867 565; x_wconf 88' lang='lat' dir='ltr'>quae</span> <span class='ocrx_word' id='word_1_33' title='bbox 882 497 966 566; x_wconf 85' lang='lat' dir='ltr'>juxta</span> 
     </span>
     <span class='ocr_line' id='line_1_6' title="bbox 111 571 966 641; baseline -0.006 -12"><span class='ocrx_word' id='word_1_34' title='bbox 111 573 281 641; x_wconf 82' lang='lat' dir='ltr'>constiterat,</span> <span class='ocrx_word' id='word_1_35' title='bbox 294 574 361 627; x_wconf 89' lang='lat' dir='ltr'>item</span> <span class='ocrx_word' id='word_1_36' title='bbox 373 573 465 640; x_wconf 89' lang='lat' dir='ltr'>urgeri</span> <span class='ocrx_word' id='word_1_37' title='bbox 478 571 513 624; x_wconf 90' lang='lat' dir='ltr'>ab</span> <span class='ocrx_word' id='word_1_38' title='bbox 525 572 604 625; x_wconf 88' lang='lat' dir='ltr'>hoste</span> <span class='ocrx_word' id='word_1_39' title='bbox 620 571 742 639; x_wconf 86' lang='lat' dir='ltr'>vidisset,</span> <span class='ocrx_word' id='word_1_40' title='bbox 753 572 880 627; x_wconf 86' lang='lat' dir='ltr'>tribunos</span> <span class='ocrx_word' id='word_1_41' title='bbox 896 573 966 626; x_wconf 92' lang='lat' dir='ltr'>mili-</span> 
     </span>
     <span class='ocr_line' id='line_1_7' title="bbox 111 647 966 716; baseline -0.001 -13"><span class='ocrx_word' id='word_1_42' title='bbox 111 653 172 704; x_wconf 93' lang='lat' dir='ltr'>tum</span> <span class='ocrx_word' id='word_1_43' title='bbox 188 650 293 703; x_wconf 90' lang='lat' dir='ltr'>monuit</span> <span class='ocrx_word' id='word_1_44' title='bbox 309 652 341 703; x_wconf 93' lang='lat' dir='ltr'>ut</span> <span class='ocrx_word' id='word_1_45' title='bbox 355 649 486 716; x_wconf 89' lang='lat' dir='ltr'>paulatim</span> <span class='ocrx_word' id='word_1_46' title='bbox 503 664 563 700; x_wconf 89' lang='lat' dir='ltr'>sese</span> <span class='ocrx_word' id='word_1_47' title='bbox 582 647 702 715; x_wconf 81' lang='lat' dir='ltr'>legiones</span> <span class='ocrx_word' id='word_1_48' title='bbox 720 647 918 716; x_wconf 86' lang='lat' dir='ltr'>conjungerent</span> <span class='ocrx_word' id='word_1_49' title='bbox 937 653 966 702; x_wconf 92' lang='lat' dir='ltr'>et</span> 
     </span>
     <span class='ocr_line' id='line_1_8' title="bbox 112 724 965 794; baseline -0.004 -13"><span class='ocrx_word' id='word_1_50' title='bbox 112 744 241 782; x_wconf 86' lang='lat' dir='ltr'>conversa</span> <span class='ocrx_word' id='word_1_51' title='bbox 261 727 339 793; x_wconf 89' lang='lat' dir='ltr'>signa</span> <span class='ocrx_word' id='word_1_52' title='bbox 359 726 388 777; x_wconf 94' lang='lat' dir='ltr'>in</span> <span class='ocrx_word' id='word_1_53' title='bbox 409 725 502 778; x_wconf 89' lang='lat' dir='ltr'>hostes</span> <span class='ocrx_word' id='word_1_54' title='bbox 522 724 663 777; x_wconf 85' lang='lat' dir='ltr'>inferrent.</span> <span class='ocrx_word' id='word_1_55' title='bbox 701 724 760 787; x_wconf 77' lang='lat' dir='ltr'>Quo</span> <span class='ocrx_word' id='word_1_56' title='bbox 781 725 860 790; x_wconf 88' lang='lat' dir='ltr'>facto,</span> <span class='ocrx_word' id='word_1_57' title='bbox 881 744 965 794; x_wconf 91' lang='lat' dir='ltr'>quum</span> 
     </span>
     <span class='ocr_line' id='line_1_9' title="bbox 111 800 967 867; baseline -0.001 -10"><span class='ocrx_word' id='word_1_58' title='bbox 111 803 180 857; x_wconf 87' lang='lat' dir='ltr'>alius</span> <span class='ocrx_word' id='word_1_59' title='bbox 196 803 241 856; x_wconf 91' lang='lat' dir='ltr'>alii</span> <span class='ocrx_word' id='word_1_60' title='bbox 258 801 409 855; x_wconf 83' lang='lat' dir='ltr'>subsidium</span> <span class='ocrx_word' id='word_1_61' title='bbox 425 801 619 867; x_wconf 70' lang='lat' dir='ltr'>ferratusque</span> <span class='ocrx_word' id='word_1_62' title='bbox 634 800 765 854; x_wconf 77' lang='lat' dir='ltr'>timerent</span> <span class='ocrx_word' id='word_1_63' title='bbox 782 818 816 854; x_wconf 91' lang='lat' dir='ltr'>ne</span> <span class='ocrx_word' id='word_1_64' title='bbox 830 803 918 855; x_wconf 88' lang='lat' dir='ltr'>aversi</span> <span class='ocrx_word' id='word_1_65' title='bbox 931 802 967 856; x_wconf 90' lang='lat' dir='ltr'>ab</span> 
     </span>
     <span class='ocr_line' id='line_1_10' title="bbox 111 874 966 942; baseline -0.002 -10"><span class='ocrx_word' id='word_1_66' title='bbox 111 879 191 932; x_wconf 88' lang='lat' dir='ltr'>hoste</span> <span class='ocrx_word' id='word_1_67' title='bbox 215 877 483 942; x_wconf 68' lang='lat' dir='ltr'>circumvenirentur,</span> <span class='ocrx_word' id='word_1_68' title='bbox 507 874 636 928; x_wconf 88' lang='lat' dir='ltr'>audacius</span> <span class='ocrx_word' id='word_1_69' title='bbox 660 876 789 929; x_wconf 89' lang='lat' dir='ltr'>resistere</span> <span class='ocrx_word' id='word_1_70' title='bbox 813 893 844 930; x_wconf 90' lang='lat' dir='ltr'>ae</span> <span class='ocrx_word' id='word_1_71' title='bbox 868 879 966 931; x_wconf 89' lang='lat' dir='ltr'>fortius</span> 
     </span>
     <span class='ocr_line' id='line_1_11' title="bbox 111 951 966 1024; baseline -0.005 -15"><span class='ocrx_word' id='word_1_72' title='bbox 111 971 233 1024; x_wconf 88' lang='lat' dir='ltr'>pugnare</span> <span class='ocrx_word' id='word_1_73' title='bbox 249 956 403 1021; x_wconf 90' lang='lat' dir='ltr'>coeperunt.</span> <span class='ocrx_word' id='word_1_74' title='bbox 440 951 555 1005; x_wconf 80' lang='lat' dir='ltr'>Interim</span> <span class='ocrx_word' id='word_1_75' title='bbox 572 951 673 1005; x_wconf 76' lang='lat' dir='ltr'>milites</span> <span class='ocrx_word' id='word_1_76' title='bbox 689 952 825 1019; x_wconf 92' lang='lat' dir='ltr'>legionum</span> <span class='ocrx_word' id='word_1_77' title='bbox 843 952 966 1020; x_wconf 88' lang='lat' dir='ltr'>duarum,</span> 
     </span>
     <span class='ocr_line' id='line_1_12' title="bbox 111 1026 965 1100; baseline 0.001 -16"><span class='ocrx_word' id='word_1_78' title='bbox 111 1047 181 1100; x_wconf 87' lang='lat' dir='ltr'>quae</span> <span class='ocrx_word' id='word_1_79' title='bbox 188 1031 216 1083; x_wconf 93' lang='lat' dir='ltr'>in</span> <span class='ocrx_word' id='word_1_80' title='bbox 223 1029 368 1083; x_wconf 84' lang='lat' dir='ltr'>novissime</span> <span class='ocrx_word' id='word_1_81' title='bbox 376 1026 483 1096; x_wconf 86' lang='lat' dir='ltr'>agmine</span> <span class='ocrx_word' id='word_1_82' title='bbox 492 1026 630 1096; x_wconf 89' lang='lat' dir='ltr'>praesidio</span> <span class='ocrx_word' id='word_1_83' title='bbox 638 1028 841 1096; x_wconf 88' lang='lat' dir='ltr'>impedimentis</span> <span class='ocrx_word' id='word_1_84' title='bbox 849 1030 965 1095; x_wconf 88' lang='lat' dir='ltr'>fueraut,</span> 
     </span>
     <span class='ocr_line' id='line_1_13' title="bbox 111 1104 966 1175; baseline 0 -16"><span class='ocrx_word' id='word_1_85' title='bbox 111 1107 214 1175; x_wconf 91' lang='lat' dir='ltr'>proelio</span> <span class='ocrx_word' id='word_1_86' title='bbox 222 1105 345 1159; x_wconf 88' lang='lat' dir='ltr'>nuntiato</span> <span class='ocrx_word' id='word_1_87' title='bbox 355 1120 435 1158; x_wconf 89' lang='lat' dir='ltr'>eursu</span> <span class='ocrx_word' id='word_1_88' title='bbox 443 1104 556 1157; x_wconf 85' lang='lat' dir='ltr'>incitato</span> <span class='ocrx_word' id='word_1_89' title='bbox 565 1105 594 1156; x_wconf 92' lang='lat' dir='ltr'>in</span> <span class='ocrx_word' id='word_1_90' title='bbox 604 1121 709 1157; x_wconf 90' lang='lat' dir='ltr'>summo</span> <span class='ocrx_word' id='word_1_91' title='bbox 719 1105 787 1158; x_wconf 90' lang='lat' dir='ltr'>celle</span> <span class='ocrx_word' id='word_1_92' title='bbox 796 1105 831 1158; x_wconf 84' lang='lat' dir='ltr'>ab</span> <span class='ocrx_word' id='word_1_93' title='bbox 840 1106 966 1159; x_wconf 88' lang='lat' dir='ltr'>hostibus</span> 
     </span>
     <span class='ocr_line' id='line_1_14' title="bbox 111 1179 966 1250; baseline -0.004 -14"><span class='ocrx_word' id='word_1_94' title='bbox 111 1181 361 1250; x_wconf 83' lang='lat' dir='ltr'>conspiciebantur3</span> <span class='ocrx_word' id='word_1_95' title='bbox 379 1183 409 1233; x_wconf 89' lang='lat' dir='ltr'>et</span> <span class='ocrx_word' id='word_1_96' title='bbox 421 1179 450 1232; x_wconf 88' lang='grc' dir='ltr'>Τ.</span> <span class='ocrx_word' id='word_1_97' title='bbox 465 1179 601 1234; x_wconf 79' lang='lat' dir='ltr'>Labienus</span> <span class='ocrx_word' id='word_1_98' title='bbox 613 1181 710 1234; x_wconf 88' lang='lat' dir='ltr'>castris</span> <span class='ocrx_word' id='word_1_99' title='bbox 725 1180 844 1235; x_wconf 90' lang='lat' dir='ltr'>hostium</span> <span class='ocrx_word' id='word_1_100' title='bbox 860 1183 966 1250; x_wconf 85' lang='lat' dir='ltr'>potitus</span> 
     </span>
     <span class='ocr_line' id='line_1_15' title="bbox 112 1256 966 1325; baseline -0.002 -13"><span class='ocrx_word' id='word_1_101' title='bbox 112 1264 141 1313; x_wconf 91' lang='lat' dir='ltr'>et</span> <span class='ocrx_word' id='word_1_102' title='bbox 152 1275 187 1312; x_wconf 85' lang='lat' dir='ltr'>ex</span> <span class='ocrx_word' id='word_1_103' title='bbox 198 1258 256 1312; x_wconf 91' lang='lat' dir='ltr'>loco</span> <span class='ocrx_word' id='word_1_104' title='bbox 265 1256 406 1325; x_wconf 83' lang='lat' dir='ltr'>superiore</span> <span class='ocrx_word' id='word_1_105' title='bbox 415 1273 485 1324; x_wconf 88' lang='lat' dir='ltr'>quae</span> <span class='ocrx_word' id='word_1_106' title='bbox 495 1273 540 1309; x_wconf 92' lang='lat' dir='ltr'>res</span> <span class='ocrx_word' id='word_1_107' title='bbox 549 1257 578 1311; x_wconf 83' lang='lat' dir='ltr'>iu</span> <span class='ocrx_word' id='word_1_108' title='bbox 587 1258 687 1310; x_wconf 89' lang='lat' dir='ltr'>nostris</span> <span class='ocrx_word' id='word_1_109' title='bbox 697 1258 793 1310; x_wconf 88' lang='lat' dir='ltr'>eastris</span> <span class='ocrx_word' id='word_1_110' title='bbox 802 1262 966 1324; x_wconf 87' lang='lat' dir='ltr'>gererentur</span> 
     </span>
     <span class='ocr_line' id='line_1_16' title="bbox 111 1332 964 1402; baseline 0.001 -16"><span class='ocrx_word' id='word_1_111' title='bbox 111 1335 281 1402; x_wconf 83' lang='lat' dir='ltr'>conspicatus</span> <span class='ocrx_word' id='word_1_112' title='bbox 303 1332 438 1386; x_wconf 83' lang='lat' dir='ltr'>decimam</span> <span class='ocrx_word' id='word_1_113' title='bbox 459 1332 592 1400; x_wconf 83' lang='lat' dir='ltr'>legionem</span> <span class='ocrx_word' id='word_1_114' title='bbox 616 1333 740 1386; x_wconf 86' lang='lat' dir='ltr'>subsidio</span> <span class='ocrx_word' id='word_1_115' title='bbox 760 1334 861 1385; x_wconf 90' lang='lat' dir='ltr'>nostris</span> <span class='ocrx_word' id='word_1_116' title='bbox 880 1335 964 1387; x_wconf 89' lang='lat' dir='ltr'>misit.</span> 
     </span>
     <span class='ocr_line' id='line_1_17' title="bbox 112 1408 966 1478; baseline 0 -16"><span class='ocrx_word' id='word_1_117' title='bbox 112 1410 165 1474; x_wconf 88' lang='lat' dir='ltr'>Qui</span> <span class='ocrx_word' id='word_1_118' title='bbox 176 1427 260 1478; x_wconf 90' lang='lat' dir='ltr'>quum</span> <span class='ocrx_word' id='word_1_119' title='bbox 272 1426 307 1462; x_wconf 87' lang='lat' dir='ltr'>ex</span> <span class='ocrx_word' id='word_1_120' title='bbox 320 1408 443 1476; x_wconf 90' lang='lat' dir='ltr'>equitum</span> <span class='ocrx_word' id='word_1_121' title='bbox 457 1412 487 1462; x_wconf 92' lang='lat' dir='ltr'>et</span> <span class='ocrx_word' id='word_1_122' title='bbox 503 1409 627 1461; x_wconf 88' lang='lat' dir='ltr'>calonum</span> <span class='ocrx_word' id='word_1_123' title='bbox 644 1410 783 1476; x_wconf 74' lang='lat' dir='ltr'>fugaque</span> <span class='ocrx_word' id='word_1_124' title='bbox 800 1409 828 1460; x_wconf 93' lang='lat' dir='ltr'>in</span> <span class='ocrx_word' id='word_1_125' title='bbox 844 1408 903 1461; x_wconf 92' lang='lat' dir='ltr'>loco</span> <span class='ocrx_word' id='word_1_126' title='bbox 920 1426 966 1462; x_wconf 90' lang='lat' dir='ltr'>res</span> 
     </span>
     <span class='ocr_line' id='line_1_18' title="bbox 111 1483 964 1554; baseline -0.002 -15"><span class='ocrx_word' id='word_1_127' title='bbox 111 1489 192 1551; x_wconf 85' lang='lat' dir='ltr'>esset,</span> <span class='ocrx_word' id='word_1_128' title='bbox 205 1487 362 1554; x_wconf 87' lang='lat' dir='ltr'>quantoque</span> <span class='ocrx_word' id='word_1_129' title='bbox 374 1483 401 1536; x_wconf 93' lang='lat' dir='ltr'>in</span> <span class='ocrx_word' id='word_1_130' title='bbox 413 1483 533 1552; x_wconf 88' lang='lat' dir='ltr'>periculo</span> <span class='ocrx_word' id='word_1_131' title='bbox 546 1490 575 1536; x_wconf 92' lang='lat' dir='ltr'>et</span> <span class='ocrx_word' id='word_1_132' title='bbox 587 1484 678 1536; x_wconf 76' lang='lat' dir='ltr'>eastra</span> <span class='ocrx_word' id='word_1_133' title='bbox 690 1487 719 1537; x_wconf 90' lang='lat' dir='ltr'>et</span> <span class='ocrx_word' id='word_1_134' title='bbox 733 1484 854 1551; x_wconf 88' lang='lat' dir='ltr'>legiones</span> <span class='ocrx_word' id='word_1_135' title='bbox 870 1487 899 1537; x_wconf 92' lang='lat' dir='ltr'>et</span> <span class='ocrx_word' id='word_1_136' title='bbox 915 1485 964 1537; x_wconf 93' lang='lat' dir='ltr'>im-</span> 
     </span>
     <span class='ocr_line' id='line_1_19' title="bbox 110 1558 963 1628; baseline -0.002 -14"><span class='ocrx_word' id='word_1_137' title='bbox 110 1565 221 1628; x_wconf 82' lang='lat' dir='ltr'>perator</span> <span class='ocrx_word' id='word_1_138' title='bbox 241 1563 398 1614; x_wconf 87' lang='lat' dir='ltr'>versaretur</span> <span class='ocrx_word' id='word_1_139' title='bbox 424 1560 621 1628; x_wconf 88' lang='lat' dir='ltr'>cognovissent,</span> <span class='ocrx_word' id='word_1_140' title='bbox 641 1559 709 1612; x_wconf 89' lang='lat' dir='ltr'>nihil</span> <span class='ocrx_word' id='word_1_141' title='bbox 733 1558 769 1611; x_wconf 87' lang='lat' dir='ltr'>ad</span> <span class='ocrx_word' id='word_1_142' title='bbox 793 1560 888 1613; x_wconf 86' lang='lat' dir='ltr'>coierit</span> <span class='ocrx_word' id='word_1_143' title='bbox 876 1563 963 1614; x_wconf 89' lang='lat' dir='ltr'>tatem</span> 
     </span>
     <span class='ocr_line' id='line_1_20' title="bbox 111 1634 416 1704; baseline -0.003 -15"><span class='ocrx_word' id='word_1_144' title='bbox 111 1634 163 1689; x_wconf 86' lang='lat' dir='ltr'>sibi</span> <span class='ocrx_word' id='word_1_145' title='bbox 175 1635 272 1704; x_wconf 85' lang='lat' dir='ltr'>reliqui</span> <span class='ocrx_word' id='word_1_146' title='bbox 286 1636 416 1688; x_wconf 82' lang='lat' dir='ltr'>feeemnt.</span> 
     </span>
    </p>

    <p class='ocr_par' dir='ltr' id='par_1_4' title="bbox 163 1668 964 1769">
     <span class='ocr_line' id='line_1_21' title="bbox 163 1668 964 1769; baseline 0.001 -5"><span class='ocrx_word' id='word_1_147' title='bbox 163 1717 206 1769; x_wconf 77' lang='lat'>27.</span> <span class='ocrx_word' id='word_1_148' title='bbox 242 1711 350 1764; x_wconf 87' lang='lat' dir='ltr'>Horum</span> <span class='ocrx_word' id='word_1_149' title='bbox 371 1709 473 1763; x_wconf 87' lang='lat' dir='ltr'>advent</span> <span class='ocrx_word' id='word_1_150' title='bbox 461 1712 492 1762; x_wconf 88' lang='lat' dir='ltr'>tu</span> <span class='ocrx_word' id='word_1_151' title='bbox 512 1712 590 1762; x_wconf 87' lang='lat' dir='ltr'>tanta</span> <span class='ocrx_word' id='word_1_152' title='bbox 611 1727 703 1762; x_wconf 89' lang='lat' dir='ltr'>rerum</span> <span class='ocrx_word' id='word_1_153' title='bbox 723 1712 900 1765; x_wconf 84' lang='lat' dir='ltr'>commutatio</span> <span class='ocrx_word' id='word_1_154' title='bbox 920 1668 964 1765; x_wconf 88' lang='lat' dir='ltr'>est</span> 
     </span>
    </p>
   </div>
   <div class='ocr_carea' id='block_1_3' title="bbox 986 928 996 963">
    <p class='ocr_par' dir='ltr' id='par_1_5' title="bbox 986 928 996 963">
     <span class='ocr_line' id='line_1_22' title="bbox 986 928 996 963; baseline 0 0"><span class='ocrx_word' id='word_1_155' title='bbox 986 928 996 963; x_wconf 76' lang='lat' dir='ltr'>t</span> 
     </span>
    </p>
   </div>
   <div class='ocr_carea' id='block_1_4' title="bbox 21 1785 964 1856">
    <p class='ocr_par' dir='ltr' id='par_1_6' title="bbox 21 1785 964 1856">
     <span class='ocr_line' id='line_1_23' title="bbox 21 1785 964 1856; baseline 0 -16"><span class='ocrx_word' id='word_1_156' title='bbox 21 1816 26 1825; x_wconf 92' lang='lat'><em>·</em></span> <span class='ocrx_word' id='word_1_157' title='bbox 110 1788 183 1841; x_wconf 79' lang='lat' dir='ltr'>faeta</span> <span class='ocrx_word' id='word_1_158' title='bbox 197 1791 228 1842; x_wconf 91' lang='lat' dir='ltr'>ut</span> <span class='ocrx_word' id='word_1_159' title='bbox 241 1786 328 1841; x_wconf 91' lang='lat' dir='ltr'>nostri</span> <span class='ocrx_word' id='word_1_160' title='bbox 342 1786 426 1840; x_wconf 83' lang='lat' dir='ltr'>ctiam</span> <span class='ocrx_word' id='word_1_161' title='bbox 441 1785 488 1852; x_wconf 89' lang='lat' dir='ltr'>qui</span> <span class='ocrx_word' id='word_1_162' title='bbox 503 1785 660 1838; x_wconf 88' lang='lat' dir='ltr'>vulneribus</span> <span class='ocrx_word' id='word_1_163' title='bbox 674 1787 790 1839; x_wconf 88' lang='lat' dir='ltr'>confecti</span> <span class='ocrx_word' id='word_1_164' title='bbox 804 1787 964 1856; x_wconf 88' lang='lat' dir='ltr'>procubuis-</span> 
     </span>
    </p>
   </div>
   <div class='ocr_carea' id='block_1_5' title="bbox 82 1861 996 3227">
    <p class='ocr_par' dir='ltr' id='par_1_7' title="bbox 82 1861 964 2920">
     <span class='ocr_line' id='line_1_24' title="bbox 110 1861 963 1931; baseline 0.001 -15"><span class='ocrx_word' id='word_1_165' title='bbox 110 1866 181 1931; x_wconf 86' lang='lat' dir='ltr'>sent,</span> <span class='ocrx_word' id='word_1_166' title='bbox 192 1863 276 1918; x_wconf 88' lang='lat' dir='ltr'>scutis</span> <span class='ocrx_word' id='word_1_167' title='bbox 290 1862 376 1917; x_wconf 76' lang='lat' dir='ltr'>iuriixi</span> <span class='ocrx_word' id='word_1_168' title='bbox 390 1861 523 1930; x_wconf 86' lang='lat' dir='ltr'>proelium</span> <span class='ocrx_word' id='word_1_169' title='bbox 538 1862 769 1930; x_wconf 83' lang='lat' dir='ltr'>redintegrarent,</span> <span class='ocrx_word' id='word_1_170' title='bbox 782 1866 841 1916; x_wconf 93' lang='lat' dir='ltr'>tum</span> <span class='ocrx_word' id='word_1_171' title='bbox 856 1865 963 1917; x_wconf 88' lang='lat' dir='ltr'>calones</span> 
     </span>
     <span class='ocr_line' id='line_1_25' title="bbox 109 1937 963 2008; baseline -0.002 -14"><span class='ocrx_word' id='word_1_172' title='bbox 109 1940 272 2008; x_wconf 86' lang='lat' dir='ltr'>perterritos</span> <span class='ocrx_word' id='word_1_173' title='bbox 282 1939 374 1992; x_wconf 89' lang='lat' dir='ltr'>hostes</span> <span class='ocrx_word' id='word_1_174' title='bbox 391 1937 538 2004; x_wconf 88' lang='lat' dir='ltr'>conspicati</span> <span class='ocrx_word' id='word_1_175' title='bbox 555 1937 638 1990; x_wconf 89' lang='lat' dir='ltr'>etiam</span> <span class='ocrx_word' id='word_1_176' title='bbox 655 1937 773 1992; x_wconf 90' lang='lat' dir='ltr'>inermes</span> <span class='ocrx_word' id='word_1_177' title='bbox 790 1940 902 1993; x_wconf 87' lang='lat' dir='ltr'>armatis</span> <span class='ocrx_word' id='word_1_178' title='bbox 920 1956 963 1992; x_wconf 92' lang='lat' dir='ltr'>oe-</span> 
     </span>
     <span class='ocr_line' id='line_1_26' title="bbox 109 2013 964 2084; baseline 0.001 -16"><span class='ocrx_word' id='word_1_179' title='bbox 109 2017 259 2082; x_wconf 88' lang='lat' dir='ltr'>currerent,</span> <span class='ocrx_word' id='word_1_180' title='bbox 274 2015 382 2084; x_wconf 87' lang='lat' dir='ltr'>equites</span> <span class='ocrx_word' id='word_1_181' title='bbox 401 2029 473 2075; x_wconf 84' lang='lat' dir='ltr'>vero,</span> <span class='ocrx_word' id='word_1_182' title='bbox 487 2015 520 2064; x_wconf 92' lang='lat' dir='ltr'>ut</span> <span class='ocrx_word' id='word_1_183' title='bbox 539 2013 739 2080; x_wconf 85' lang='lat' dir='ltr'>turpitudinem</span> <span class='ocrx_word' id='word_1_184' title='bbox 758 2015 840 2082; x_wconf 87' lang='lat' dir='ltr'>fugae</span> <span class='ocrx_word' id='word_1_185' title='bbox 860 2017 964 2069; x_wconf 85' lang='lat' dir='ltr'>virtute</span> 
     </span>
     <span class='ocr_line' id='line_1_27' title="bbox 110 2087 963 2159; baseline -0.002 -16"><span class='ocrx_word' id='word_1_186' title='bbox 110 2090 241 2159; x_wconf 87' lang='lat' dir='ltr'>delerent,</span> <span class='ocrx_word' id='word_1_187' title='bbox 250 2090 374 2143; x_wconf 87' lang='lat' dir='ltr'>omnibus</span> <span class='ocrx_word' id='word_1_188' title='bbox 387 2089 413 2140; x_wconf 92' lang='lat' dir='ltr'>in</span> <span class='ocrx_word' id='word_1_189' title='bbox 427 2087 491 2141; x_wconf 87' lang='lat' dir='ltr'>locis</span> <span class='ocrx_word' id='word_1_190' title='bbox 503 2104 612 2155; x_wconf 83' lang='lat' dir='ltr'>pugnae</span> <span class='ocrx_word' id='word_1_191' title='bbox 625 2106 654 2141; x_wconf 92' lang='lat' dir='ltr'>se</span> <span class='ocrx_word' id='word_1_192' title='bbox 667 2089 821 2156; x_wconf 86' lang='lat' dir='ltr'>legionariis</span> <span class='ocrx_word' id='word_1_193' title='bbox 830 2091 963 2146; x_wconf 88' lang='lat' dir='ltr'>militibus</span> 
     </span>
     <span class='ocr_line' id='line_1_28' title="bbox 82 2164 963 2236; baseline 0.001 -17"><span class='ocrx_word' id='word_1_194' title='bbox 82 2175 85 2179; x_wconf 78' lang='grc'>’</span> <span class='ocrx_word' id='word_1_195' title='bbox 109 2167 289 2234; x_wconf 85' lang='lat' dir='ltr'>praeferrent.</span> <span class='ocrx_word' id='word_1_196' title='bbox 326 2168 366 2219; x_wconf 81' lang='lat' dir='ltr'>nt</span> <span class='ocrx_word' id='word_1_197' title='bbox 386 2165 480 2218; x_wconf 88' lang='lat' dir='ltr'>hostes</span> <span class='ocrx_word' id='word_1_198' title='bbox 501 2164 585 2216; x_wconf 88' lang='lat' dir='ltr'>etiam</span> <span class='ocrx_word' id='word_1_199' title='bbox 606 2165 634 2217; x_wconf 93' lang='lat' dir='ltr'>in</span> <span class='ocrx_word' id='word_1_200' title='bbox 657 2171 780 2220; x_wconf 79' lang='lat' dir='ltr'>extrema</span> <span class='ocrx_word' id='word_1_201' title='bbox 800 2185 848 2236; x_wconf 88' lang='lat' dir='ltr'>spe</span> <span class='ocrx_word' id='word_1_202' title='bbox 868 2169 963 2222; x_wconf 89' lang='lat' dir='ltr'>salutis</span> 
     </span>
     <span class='ocr_line' id='line_1_29' title="bbox 109 2240 961 2312; baseline 0 -16"><span class='ocrx_word' id='word_1_203' title='bbox 109 2245 214 2296; x_wconf 80' lang='lat' dir='ltr'>tantam</span> <span class='ocrx_word' id='word_1_204' title='bbox 234 2243 366 2297; x_wconf 84' lang='lat' dir='ltr'>virtutem</span> <span class='ocrx_word' id='word_1_205' title='bbox 385 2240 585 2311; x_wconf 86' lang='lat' dir='ltr'>praestiterunt</span> <span class='ocrx_word' id='word_1_206' title='bbox 605 2246 644 2307; x_wconf 89' lang='lat' dir='ltr'>ut,</span> <span class='ocrx_word' id='word_1_207' title='bbox 665 2259 748 2311; x_wconf 88' lang='lat' dir='ltr'>quum</span> <span class='ocrx_word' id='word_1_208' title='bbox 768 2245 849 2312; x_wconf 81' lang='lat' dir='ltr'>primi</span> <span class='ocrx_word' id='word_1_209' title='bbox 869 2261 961 2298; x_wconf 88' lang='lat' dir='ltr'>eorum</span> 
     </span>
     <span class='ocr_line' id='line_1_30' title="bbox 108 2317 961 2388; baseline 0.001 -18"><span class='ocrx_word' id='word_1_210' title='bbox 108 2318 277 2386; x_wconf 87' lang='lat' dir='ltr'>cecidissent,</span> <span class='ocrx_word' id='word_1_211' title='bbox 286 2318 401 2388; x_wconf 83' lang='lat' dir='ltr'>preximi</span> <span class='ocrx_word' id='word_1_212' title='bbox 408 2317 564 2384; x_wconf 88' lang='lat' dir='ltr'>jacentibus</span> <span class='ocrx_word' id='word_1_213' title='bbox 571 2317 729 2371; x_wconf 87' lang='lat' dir='ltr'>insisterent</span> <span class='ocrx_word' id='word_1_214' title='bbox 737 2323 818 2386; x_wconf 88' lang='lat' dir='ltr'>atque</span> <span class='ocrx_word' id='word_1_215' title='bbox 826 2337 860 2373; x_wconf 84' lang='lat' dir='ltr'>ex</span> <span class='ocrx_word' id='word_1_216' title='bbox 869 2336 961 2374; x_wconf 86' lang='lat' dir='ltr'>corum</span> 
     </span>
     <span class='ocr_line' id='line_1_31' title="bbox 104 2393 962 2463; baseline 0 -16"><span class='ocrx_word' id='word_1_217' title='bbox 104 2395 267 2463; x_wconf 42' lang='lat' dir='ltr'>,cerporibus</span> <span class='ocrx_word' id='word_1_218' title='bbox 279 2398 447 2463; x_wconf 86' lang='lat' dir='ltr'>pugnarent;</span> <span class='ocrx_word' id='word_1_219' title='bbox 465 2393 509 2448; x_wconf 83' lang='lat' dir='ltr'>lris</span> <span class='ocrx_word' id='word_1_220' title='bbox 526 2394 641 2463; x_wconf 87' lang='lat' dir='ltr'>dejectis</span> <span class='ocrx_word' id='word_1_221' title='bbox 657 2399 686 2448; x_wconf 90' lang='lat' dir='ltr'>ct</span> <span class='ocrx_word' id='word_1_222' title='bbox 703 2396 867 2449; x_wconf 87' lang='lat' dir='ltr'>coacervatis</span> <span class='ocrx_word' id='word_1_223' title='bbox 883 2396 962 2448; x_wconf 88' lang='lat' dir='ltr'>eada-</span> 
     </span>
     <span class='ocr_line' id='line_1_32' title="bbox 108 2470 963 2539; baseline 0.001 -17"><span class='ocrx_word' id='word_1_224' title='bbox 108 2470 226 2534; x_wconf 83' lang='lat' dir='ltr'>veribus,</span> <span class='ocrx_word' id='word_1_225' title='bbox 241 2471 287 2539; x_wconf 92' lang='lat' dir='ltr'>qui</span> <span class='ocrx_word' id='word_1_226' title='bbox 308 2473 482 2538; x_wconf 89' lang='lat' dir='ltr'>superessent</span> <span class='ocrx_word' id='word_1_227' title='bbox 501 2474 533 2524; x_wconf 89' lang='lat' dir='ltr'>ut</span> <span class='ocrx_word' id='word_1_228' title='bbox 552 2488 587 2525; x_wconf 90' lang='lat' dir='ltr'>ex</span> <span class='ocrx_word' id='word_1_229' title='bbox 607 2471 711 2524; x_wconf 88' lang='lat' dir='ltr'>tumulo</span> <span class='ocrx_word' id='word_1_230' title='bbox 732 2471 789 2524; x_wconf 85' lang='lat' dir='ltr'>tela</span> <span class='ocrx_word' id='word_1_231' title='bbox 807 2472 835 2523; x_wconf 91' lang='lat' dir='ltr'>in</span> <span class='ocrx_word' id='word_1_232' title='bbox 854 2474 963 2524; x_wconf 90' lang='lat' dir='ltr'>nostros</span> 
     </span>
     <span class='ocr_line' id='line_1_33' title="bbox 108 2546 962 2617; baseline 0.001 -19"><span class='ocrx_word' id='word_1_233' title='bbox 108 2546 275 2614; x_wconf 85' lang='lat' dir='ltr'>conjicerent</span> <span class='ocrx_word' id='word_1_234' title='bbox 294 2550 322 2601; x_wconf 90' lang='lat' dir='ltr'>et</span> <span class='ocrx_word' id='word_1_235' title='bbox 342 2548 396 2615; x_wconf 85' lang='lat' dir='ltr'>pila</span> <span class='ocrx_word' id='word_1_236' title='bbox 416 2547 568 2617; x_wconf 86' lang='lat' dir='ltr'>intercepta</span> <span class='ocrx_word' id='word_1_237' title='bbox 587 2550 774 2603; x_wconf 86' lang='lat' dir='ltr'>remitterent:</span> <span class='ocrx_word' id='word_1_238' title='bbox 792 2551 896 2601; x_wconf 89' lang='lat' dir='ltr'>utnon</span> <span class='ocrx_word' id='word_1_239' title='bbox 915 2563 962 2600; x_wconf 91' lang='lat' dir='ltr'>ne-</span> 
     </span>
     <span class='ocr_line' id='line_1_34' title="bbox 108 2621 962 2694; baseline 0.005 -22"><span class='ocrx_word' id='word_1_240' title='bbox 108 2621 258 2693; x_wconf 84' lang='lat' dir='ltr'>quidquam</span> <span class='ocrx_word' id='word_1_241' title='bbox 270 2626 364 2676; x_wconf 85' lang='lat' dir='ltr'>tantae</span> <span class='ocrx_word' id='word_1_242' title='bbox 376 2623 486 2676; x_wconf 84' lang='lat' dir='ltr'>virtutis</span> <span class='ocrx_word' id='word_1_243' title='bbox 496 2623 618 2678; x_wconf 90' lang='lat' dir='ltr'>hominos</span> <span class='ocrx_word' id='word_1_244' title='bbox 626 2626 745 2694; x_wconf 86' lang='lat' dir='ltr'>judicari</span> <span class='ocrx_word' id='word_1_245' title='bbox 756 2624 872 2677; x_wconf 88' lang='lat' dir='ltr'>deberet</span> <span class='ocrx_word' id='word_1_246' title='bbox 882 2639 962 2676; x_wconf 90' lang='lat' dir='ltr'>ausos</span> 
     </span>
     <span class='ocr_line' id='line_1_35' title="bbox 108 2697 961 2768; baseline 0.002 -19"><span class='ocrx_word' id='word_1_247' title='bbox 108 2712 167 2749; x_wconf 87' lang='lat' dir='ltr'>esse</span> <span class='ocrx_word' id='word_1_248' title='bbox 190 2699 308 2751; x_wconf 82' lang='lat' dir='ltr'>transire</span> <span class='ocrx_word' id='word_1_249' title='bbox 331 2697 493 2752; x_wconf 90' lang='lat' dir='ltr'>latissimum</span> <span class='ocrx_word' id='word_1_250' title='bbox 517 2700 625 2768; x_wconf 87' lang='lat' dir='ltr'>flumen,</span> <span class='ocrx_word' id='word_1_251' title='bbox 647 2702 794 2754; x_wconf 87' lang='lat' dir='ltr'>ascendere</span> <span class='ocrx_word' id='word_1_252' title='bbox 815 2699 961 2753; x_wconf 89' lang='lat' dir='ltr'>altissimas</span> 
     </span>
     <span class='ocr_line' id='line_1_36' title="bbox 108 2773 961 2845; baseline 0.004 -21"><span class='ocrx_word' id='word_1_253' title='bbox 108 2773 188 2840; x_wconf 82' lang='lat' dir='ltr'>ripas,</span> <span class='ocrx_word' id='word_1_254' title='bbox 201 2773 293 2828; x_wconf 86' lang='lat' dir='ltr'>subire</span> <span class='ocrx_word' id='word_1_255' title='bbox 312 2775 510 2843; x_wconf 90' lang='lat' dir='ltr'>iniquissimum</span> <span class='ocrx_word' id='word_1_256' title='bbox 530 2776 634 2841; x_wconf 89' lang='lat' dir='ltr'>loeum;</span> <span class='ocrx_word' id='word_1_257' title='bbox 652 2794 721 2845; x_wconf 87' lang='lat' dir='ltr'>quae</span> <span class='ocrx_word' id='word_1_258' title='bbox 738 2775 826 2829; x_wconf 87' lang='lat' dir='ltr'>facilia</span> <span class='ocrx_word' id='word_1_259' title='bbox 842 2791 876 2827; x_wconf 85' lang='lat' dir='ltr'>ex</span> <span class='ocrx_word' id='word_1_260' title='bbox 893 2775 961 2827; x_wconf 89' lang='lat' dir='ltr'>diffi-</span> 
     </span>
     <span class='ocr_line' id='line_1_37' title="bbox 106 2847 645 2920; baseline 0.006 -19"><span class='ocrx_word' id='word_1_261' title='bbox 106 2847 213 2902; x_wconf 84' lang='lat' dir='ltr'>cillimis</span> <span class='ocrx_word' id='word_1_262' title='bbox 225 2850 307 2904; x_wconf 92' lang='lat' dir='ltr'>animi</span> <span class='ocrx_word' id='word_1_263' title='bbox 319 2851 479 2920; x_wconf 87' lang='lat' dir='ltr'>magnitudo</span> <span class='ocrx_word' id='word_1_264' title='bbox 491 2852 645 2920; x_wconf 88' lang='lat' dir='ltr'>redegerat.</span> 
     </span>
    </p>

    <p class='ocr_par' dir='ltr' id='par_1_8' title="bbox 106 2925 996 3227">
     <span class='ocr_line' id='line_1_38' title="bbox 159 2925 958 2995; baseline 0.003 -18"><span class='ocrx_word' id='word_1_265' title='bbox 159 2930 200 2978; x_wconf 78' lang='lat'>28.</span> <span class='ocrx_word' id='word_1_266' title='bbox 236 2926 298 2979; x_wconf 89' lang='lat' dir='ltr'>Hoc</span> <span class='ocrx_word' id='word_1_267' title='bbox 318 2927 422 2995; x_wconf 89' lang='lat' dir='ltr'>proelio</span> <span class='ocrx_word' id='word_1_268' title='bbox 442 2927 514 2980; x_wconf 84' lang='lat' dir='ltr'>sacto</span> <span class='ocrx_word' id='word_1_269' title='bbox 536 2930 565 2980; x_wconf 91' lang='lat' dir='ltr'>et</span> <span class='ocrx_word' id='word_1_270' title='bbox 585 2942 670 2995; x_wconf 86' lang='lat' dir='ltr'>prope</span> <span class='ocrx_word' id='word_1_271' title='bbox 689 2925 726 2978; x_wconf 86' lang='lat' dir='ltr'>ad</span> <span class='ocrx_word' id='word_1_272' title='bbox 746 2925 958 2979; x_wconf 87' lang='lat' dir='ltr'>internecionem</span> 
     </span>
     <span class='ocr_line' id='line_1_39' title="bbox 106 3003 959 3070; baseline 0.001 -16"><span class='ocrx_word' id='word_1_273' title='bbox 106 3004 191 3067; x_wconf 82' lang='lat' dir='ltr'>geute</span> <span class='ocrx_word' id='word_1_274' title='bbox 202 3017 234 3054; x_wconf 87' lang='lat' dir='ltr'>ae</span> <span class='ocrx_word' id='word_1_275' title='bbox 245 3003 352 3056; x_wconf 91' lang='lat' dir='ltr'>nomine</span> <span class='ocrx_word' id='word_1_276' title='bbox 365 3003 391 3056; x_wconf 90' lang='lat' dir='ltr'>N</span> <span class='ocrx_word' id='word_1_277' title='bbox 393 3019 528 3056; x_wconf 84' lang='lat' dir='ltr'>cruorum</span> <span class='ocrx_word' id='word_1_278' title='bbox 543 3003 639 3056; x_wconf 74' lang='lat' dir='ltr'>rediet</span> <span class='ocrx_word' id='word_1_279' title='bbox 627 3006 655 3055; x_wconf 93' lang='lat' dir='ltr'>to</span> <span class='ocrx_word' id='word_1_280' title='bbox 671 3003 788 3070; x_wconf 85' lang='lat' dir='ltr'>majores</span> <span class='ocrx_word' id='word_1_281' title='bbox 801 3005 876 3069; x_wconf 88' lang='lat' dir='ltr'>natu,</span> <span class='ocrx_word' id='word_1_282' title='bbox 890 3019 959 3070; x_wconf 88' lang='lat' dir='ltr'>ques</span> 
     </span>
     <span class='ocr_line' id='line_1_40' title="bbox 106 3077 969 3148; baseline -0.005 -19"><span class='ocrx_word' id='word_1_283' title='bbox 106 3091 161 3129; x_wconf 83' lang='lat' dir='ltr'>una</span> <span class='ocrx_word' id='word_1_284' title='bbox 176 3092 237 3130; x_wconf 91' lang='lat' dir='ltr'>eum</span> <span class='ocrx_word' id='word_1_285' title='bbox 254 3077 346 3146; x_wconf 89' lang='lat' dir='ltr'>pueris</span> <span class='ocrx_word' id='word_1_286' title='bbox 361 3078 601 3148; x_wconf 86' lang='lat' dir='ltr'>mulieribusque&#39;</span> <span class='ocrx_word' id='word_1_287' title='bbox 593 3096 622 3132; x_wconf 89' lang='grc' dir='ltr'>ιιι</span> <span class='ocrx_word' id='word_1_288' title='bbox 640 3079 779 3132; x_wconf 82' lang='lat' dir='ltr'>aestuaria</span> <span class='ocrx_word' id='word_1_289' title='bbox 794 3095 830 3131; x_wconf 86' lang='lat' dir='ltr'>ae</span> <span class='ocrx_word' id='word_1_290' title='bbox 844 3079 969 3144; x_wconf 62' lang='lat' dir='ltr'>puiades</span> 
     </span>
     <span class='ocr_line' id='line_1_41' title="bbox 106 3147 996 3227; baseline -0.011 -21"><span class='ocrx_word' id='word_1_291' title='bbox 106 3152 233 3208; x_wconf 84' lang='lat' dir='ltr'>collectos</span> <span class='ocrx_word' id='word_1_292' title='bbox 242 3153 411 3227; x_wconf 85' lang='lat' dir='ltr'>dixeramus,</span> <span class='ocrx_word' id='word_1_293' title='bbox 417 3155 471 3213; x_wconf 84' lang='lat' dir='ltr'>lrue</span> <span class='ocrx_word' id='word_1_294' title='bbox 480 3173 578 3227; x_wconf 81' lang='lat' dir='ltr'>pugna</span> <span class='ocrx_word' id='word_1_295' title='bbox 583 3157 720 3212; x_wconf 72' lang='lat' dir='ltr'>nuntiata</span> <span class='ocrx_word' id='word_1_296' title='bbox 721 3147 996 3226; x_wconf 56' lang='lat' dir='ltr'>&lt;quamaxumum</span> 
     </span>
    </p>
   </div>
   <div class='ocr_carea' id='block_1_6' title="bbox 0 0 1014 3396">
    <p class='ocr_par' dir='ltr' id='par_1_9' title="bbox 0 0 1014 3396">
     <span class='ocr_line' id='line_1_42' title="bbox 0 0 1014 3396; baseline 0 1"><span class='ocrx_word' id='word_1_297' title='bbox 0 0 1014 3396; x_wconf 95' lang='lat' dir='ltr'> </span> 
     </span>
    </p>
   </div>
  </div>
 </body>
</html>
