2018 3396
411 137 521 186 LIBER
537 137 618 186 vni.
885 143 929 190 173

80 218 199 288 'repente
222 221 304 273 cantu
327 217 457 274 tubarum
478 221 625 274 convocato
645 220 821 286 conclamant,
845 219 930 288 legati

81 295 247 364 obsidesque
258 295 295 349 ad
307 295 452 350 Caesarem
464 297 618 351 mittantur.

133 377 174 425 21.
200 372 263 425 Hoc
274 371 525 442 omnibusprobato
535 373 646 427 consilio
656 373 794 427 Commius
809 370 930 426 Atrebas

80 447 118 501 ad
130 464 177 502 eos
188 447 311 517 profugit
323 448 473 502 Germanos
484 465 501 502 a
513 448 613 518 quibus
625 449 661 502 ad
673 449 703 502 id
714 448 817 502 bellum
829 446 931 514 auxilia

80 527 222 577 mutuatus
234 527 301 578 erat.
337 524 429 578 Ceteri
442 526 584 593 evestigio
597 527 712 580 mittunt
730 525 766 578 ad
785 524 929 579 Caesarem

80 599 188 675 legatos
198 602 359 669 petuntque,
372 600 413 655 Ut
430 618 463 656 ea
479 618 568 670 poena
585 603 622 656 sit
639 604 784 655 contentus
801 599 930 664 hostiurn,

81 691 163 742 quam
176 675 199 728 si
212 675 270 729 sine
282 675 456 731 dimicatione
467 677 569 732 inferre
581 677 695 746 integris
707 677 807 746 posset,
818 690 869 743 pro
881 689 929 726 sua

80 750 226 804 clementia
249 750 334 820 atque
357 752 528 807 humanitate
547 770 696 822 numquam
715 752 838 821 proiecto
856 752 930 803 esset

80 825 222 891 illaturus;¹
247 827 361 882 afflictas
381 844 446 897 opes
464 829 586 897 equestri
603 829 706 898 proelio
725 827 930 882 Bellovacorum

81 917 157 967 esse;
178 902 347 957 delectorum
370 904 496 973 peditum
519 905 606 959 multa
624 905 699 958 milia
717 903 861 967 interisse;
884 900 930 954 vix

80 976 216 1046 refugisse
237 980 350 1034 nuncios
367 980 475 1047 caedis;
491 985 583 1034 tamen
600 997 737 1049 magnum,
755 983 787 1033 ut
804 979 833 1031 in
850 980 930 1030 tanta

80 1052 244 1120 calamitate,
257 1055 417 1109 Bellovacos
435 1072 468 1109 eo
485 1057 589 1125 proelio
601 1054 773 1109 commodum
797 1069 857 1106 csse
870 1069 931 1106 con·

81 1129 281 1197 secutos,quod
299 1131 425 1197 Correus,
442 1135 538 1185 auctor
549 1131 621 1198 belli,
639 1130 790 1184 concitator
807 1127 931 1181 multitu-

80 1203 161 1269 dinis,
171 1207 244 1257 esset
255 1205 430 1271 interfectum
441 1222 589 1274 numquam
601 1206 674 1259 euim
686 1207 811 1258 senatum
823 1206 930 1256 tantum

80 1279 231 1332 incivitate
242 1279 289 1332 illo
300 1279 361 1333 vivo
374 1284 508 1348 quantum
515 1281 668 1348 imperitam
678 1279 787 1348 plebem
798 1277 929 1347 potuisse.

134 1360 175 1407 22.
200 1353 277 1407 llaec
289 1353 430 1407 orantibus
437 1353 534 1421 legatis
545 1356 740 1408 commemorat
753 1354 861 1419 Caesar,
880 1352 930 1406 Eo

81 1429 145 1482 dem
164 1433 288 1498 tempore
314 1429 456 1497 superiore
482 1445 552 1483 anuo
577 1428 737 1483 Bellovacos
767 1432 930 1497 ceterasque

81 1504 187 1559 Galliae
202 1505 328 1559 civitates
346 1502 497 1574 suscepisse
515 1504 630 1570 bellum3
648 1505 863 1574 pertinacissime
880 1503 930 1556 hos

81 1596 116 1633 ex
128 1579 254 1634 omnibus
263 1580 292 1633 in
301 1579 438 1633 sententia
445 1581 634 1648 permansisse,
643 1596 732 1648 neque
739 1580 776 1633 ad
785 1580 928 1633 sanitatem

80 1655 248 1725 reliquorum
272 1654 412 1708 deditione
436 1671 496 1710 esse
518 1656 681 1724 perductos:
697 1655 767 1709 scire
786 1658 870 1722 atque
891 1655 929 1707 in-

80 1730 205 1798 telligere
217 1748 247 1786 se
264 1747 372 1784 eausam
389 1732 495 1798 peccati
512 1730 639 1784 facillime
658 1731 774 1784 mortuis
794 1729 929 1796 delegari:

81 1807 217 1892 neminem
237 1821 302 1859 vero
321 1807 430 1860 tantum
450 1806 553 1875 pollere
581 1810 614 1860 ut
641 1806 732 1859 inritis
755 1805 930 1875 principibus,

81 1882 227 1935 resistente
239 1884 344 1946 senatu,
356 1882 482 1935 omnibns
493 1881 570 1939 bonis
581 1881 806 1951 repugnantibus,
823 1881 931 1934 infirma

81 1972 164 2009 manu
182 1956 270 2024 plebis
288 1957 391 2010 bellum
411 1958 548 2012 concitare
571 1962 601 2012 ct
623 1973 720 2026 gerere
746 1959 854 2025 posset:
881 1955 931 2009 sed

82 2034 177 2085 tamen
188 2048 218 2086 se
230 2034 389 2086 contentum
401 2032 460 2087 lore
474 2049 508 2087 ea
523 2048 613 2101 poena
630 2048 712 2102 quam
730 2031 783 2086 sibi
800 2031 853 2100 ipsi
870 2047 931 2086 cou-

81 2107 239 2163 traxissent.

133 2188 175 2237 23.
204 2183 930 2254 Nocteinsequentilegatiresponsaadsuesreferunt

80 2257 190 2313 obsides
213 2260 366 2314 conficiunt.
402 2260 576 2315 Concurrunt
596 2260 765 2328 reliquarum
788 2258 930 2311 civitatum

80 2335 171 2403 legati,
197 2333 271 2404 'quae
307 2336 512 2390 Bellovacorum
548 2335 761 2404 speculabantur
793 2336 930 2386 eventum.

81 2409 201 2478 Obsides
218 2411 293 2478 dant,
304 2411 439 2479 imperata
451 2411 562 2478 faciunt,
574 2415 689 2479 excepto
705 2408 835 2473 Commio,
847 2423 930 2474 quem

54 2487 56 2490 ’
80 2486 164 2539 timor
176 2485 340 2554 prohibebat
349 2486 510 2553 cujusquam
519 2485 584 2539 fidei
603 2501 680 2538 suam
697 2483 871 2536 committere
889 2499 930 2535 sa-

80 2561 174 2614 lutem.
204 2561 276 2613 Nam
300 2561 440 2627 superiore
463 2576 533 2614 anno
556 2561 586 2613 Τ.
610 2560 754 2623 Labienus,
768 2559 885 2611 Caesare
902 2558 930 2611 in

81 2635 169 2689 Gallia
180 2634 308 2688 citeriore
315 2634 363 2702 jus
373 2636 489 2702 dicente,
499 2651 583 2703 quum
591 2634 742 2688 Commium
753 2633 931 2701 comperisset

81 2709 228 2764 sollicitare
246 2709 372 2762 civitates
390 2714 420 2763 et
437 2709 653 2777 conjurationem
671 2711 767 2762 contra
785 2708 929 2762 Caesarem

80 2785 177 2852 facere,
201 2783 393 2838 infidelitatem
414 2784 474 2852 ejus
498 2785 556 2838 sine
578 2784 635 2838 ulla
657 2783 774 2853 perfidia
794 2782 930 2852 judicavit

80 2859 221 2928 comprimi
233 2876 319 2928 posse.
357 2860 445 2925 Quem
457 2860 588 2930 quianon
600 2859 787 2914 arbitrabatur
804 2863 930 2914 vocatum

81 2936 110 2988 in
127 2938 217 2989 castra
228 2937 381 3001 venturum,
398 2952 433 2990 ne
451 2935 584 2990 tentando
603 2935 756 2989 cautiorem
770 2935 945 2990 iacerem.

80 3010 251 3064 Volusenum
266 3010 439 3076 Quadratum
449 3011 530 3069 misit
541 3011 593 3083 qui
604 3026 736 3076 europei
745 3003 975 3056 armunensem

73 3086 202 3155 colloquii
213 3091 328 3145 curaret
339 3089 587 3148 interficiendum.
629 3087 682 3141 bd
692 3098 764 3136 eam
772 3090 846 3127 rara
859 3061 976 3131 bembi

59 3159 205 3282 [Ἥρω]
222 3165 250 3222 01'
268 3168 364 3227 tradit
385 3171 591 3230 centuriones.
639 3163 750 3230 naam
768 3152 812 3202 'in
833 3133 976 3192 saniem*
