2018 3396
454 137 567 187 LIBER
583 136 616 186 V.
935 135 962 182 81

111 219 236 290 cupidius
255 219 371 275 insecuti
388 219 532 274 nonnullos
548 235 582 272 ex
601 217 657 272 suis
675 219 833 275 amiserunt.
870 220 966 274 Atilii

111 297 266 351 intermisso
286 297 374 366 spatio
386 294 606 365 imprudentibus
618 295 720 348 nestris
733 299 816 366 atquc
828 297 967 366 occupatis

112 373 140 426 in
160 374 311 427 munitione
324 376 475 427 castrorum
488 371 579 425 subite
592 387 622 426 se
634 388 669 425 ex
681 372 755 425 silvis
766 373 907 441 ejecerunt
918 373 968 426 im-

111 452 233 518 petuque
251 450 280 503 in
297 466 344 503 eos
363 450 443 508 facto.
461 448 508 517 qui
527 451 606 501 eraut
625 447 653 501 in
670 448 788 502 statione
805 465 855 518 pro
871 450 968 503 eastris

111 525 241 589 collocati,
265 527 367 580 acriter
389 527 588 594 pugnaverunt,
610 523 772 592 duabusque
796 525 886 578 missis
905 525 967 579 snb

112 600 181 654 sidio
200 601 357 655 cohortibus
373 618 390 654 a
406 601 531 668 Caesare,
551 603 634 669 atquc
655 601 689 653 iis
710 600 805 670 primis
826 601 965 668 legionum

112 675 235 743 duarum,
245 694 328 745 quum
339 677 389 730 hac
399 677 548 745 perexiguo
560 676 715 731 intermisso
727 677 779 730 loci
792 677 880 744 spatie
893 677 967 732 inter

112 768 141 805 se
157 753 349 817 eonst'tissent,
363 769 433 805 nove
449 769 550 820 genere
565 770 672 821 pugnae
686 753 841 821 perterritis
858 753 965 821 nestris,

111 844 160 895 per
172 828 275 881 medies
287 829 465 888 audacissime
477 833 668 897 perruperunt,
684 845 769 896 seque
778 827 849 885 ,indo
866 828 966 882 ineolu-

60 906 63 913 '
111 920 170 956 ines
191 908 358 972 receperunt.
396 905 435 957 Eo
456 905 503 958 die
523 904 555 968 Q.
576 903 710 958 Laberius
730 905 821 956 rioms
842 905 965 957 trilunms

111 980 226 1033 militum
248 981 418 1035 interficitur.
455 979 500 1032 Illi
512 979 636 1048 pluribus
652 979 794 1033 submissis
807 979 966 1033 cohortibus
996 1026 999 1031 .

45 1106 50 1116 ,
111 1056 288 1124 repelluntur.

165 1137 203 1185 16.
240 1131 307 1185 Toto
319 1132 370 1186 hoe
382 1132 410 1184 in
423 1149 524 1200 genere
535 1149 642 1201 pugnae
655 1149 739 1200 quum
753 1131 803 1185 sub
816 1131 899 1185 oculis
909 1148 965 1185 orn-

110 1207 185 1259 nium
197 1224 228 1260 ae
240 1224 290 1275 pro
306 1209 402 1261 castris
419 1208 603 1273 dimicaretur,
616 1207 786 1260 intellectum
804 1211 847 1260 cst
857 1212 965 1260 nostros

110 1286 224 1350 propter
241 1284 405 1350 gravitatem
428 1299 573 1349 annorum,
592 1283 665 1351 quod
690 1299 779 1351 neque
797 1282 904 1350 insequi
921 1299 965 1336 ce-

111 1357 208 1411 dentes
237 1362 348 1427 possent
371 1375 460 1426 neque
485 1358 520 1411 ab
544 1359 629 1426 signis
654 1359 795 1411 discedere
822 1358 963 1424 auderent,

111 1435 199 1487 minus
223 1439 302 1502 aptos
330 1451 390 1487 csse
414 1427 555 1500 ad'hujus
579 1435 688 1502 generis
716 1434 831 1501 bostem,
855 1434 963 1512 equites

110 1513 203 1562 :evitem
222 1527 319 1577 rrragno
336 1527 397 1563 cum
414 1510 535 1578 periculo
552 1510 654 1576 proelio
671 1510 808 1575 oirnicare,
820 1507 965 1577 propterca

111 1585 185 1652 quod
202 1586 240 1638 illi
258 1587 341 1639 etiam
359 1586 481 1639 consulte
500 1585 662 1654 plerumque
678 1585 815 1652 cederent,
832 1587 862 1637 et
880 1600 964 1652 quum

110 1661 220 1728 paulum
233 1661 268 1715 ab
277 1662 428 1729 legionibus
440 1666 548 1714 nostros
560 1662 745 1725 removissent,
753 1677 786 1714 ex
800 1659 903 1714 essedis
916 1659 964 1713 de-

110 1737 217 1792 silirent
229 1739 386 1808 etpedibus
399 1738 500 1806 dispari
512 1738 615 1806 proelio
627 1737 830 1790 contenderent.
863 1737 965 1804 Eques-

110 1813 163 1867 tris
174 1818 267 1868 autem
280 1815 375 1883 proelii
392 1815 462 1867 ratio
479 1817 508 1867 et
525 1813 686 1866 cedentibus
706 1816 736 1866 ct
756 1811 963 1882 insequentibus

110 1905 161 1956 par
173 1893 257 1960 atque
269 1891 342 1943 idem
355 1889 505 1958 perieulum
518 1889 659 1942 inferebat.
697 1888 856 1942 Accedebat
867 1887 920 1941 hue
931 1893 964 1940 ut
980 1913 982 1918 ·

111 1982 259 2034 numquam
276 1966 391 2019 conferti
407 1964 456 2018 sed
473 1965 526 2017 rari
542 1965 703 2031 sanguisque
719 1963 869 2017 intervallis
884 1979 962 2032 proe-

110 2041 249 2110 liarentur,
268 2039 454 2109 stationesque
473 2041 619 2108 dispositas
635 2039 776 2106 habereut,
795 2043 880 2107 atque
895 2039 963 2091 alios

109 2116 155 2169 alii
167 2117 295 2186 deinceps
305 2117 463 2184 exciperent
475 2115 630 2184 integrique
642 2120 672 2168 et
687 2119 813 2169 recentes
829 2115 961 2182 defirtiga·

93 2218 95 2222 ·
110 2192 147 2244 tis
159 2192 343 2246 succederent.
971 2190 973 2195 ’

164 2272 202 2324 17.
240 2268 354 2322 Postero
372 2268 416 2322 die
432 2267 526 2335 procul
543 2283 560 2320 a
576 2267 673 2321 castris
691 2266 785 2320 hostes
802 2267 831 2319 in
850 2266 962 2319 collibus

110 2343 300 2407 constiterunt,
312 2344 422 2411 rarique
434 2360 463 2397 se
475 2343 621 2396 ostendere
633 2346 662 2395 et
678 2342 766 2395 leuius
779 2359 861 2410 quarn
873 2342 962 2411 pridie

110 2422 217 2471 nostros
233 2420 340 2487 equites
351 2419 454 2486 proelio
470 2419 603 2473 lacessere
619 2421 774 2486 coeperunt.
811 2417 866 2471 Sed
882 2417 963 2470 meri-

111 2495 163 2557 die,
182 2512 265 2562 quum
281 2495 383 2548 Caesar
400 2495 547 2564 pabulandi
563 2511 644 2549 causa
662 2498 720 2547 tres
739 2494 858 2562 legiones
877 2497 961 2562 atque

110 2587 217 2623 ‹inirrem
235 2571 389 2638 equitatum
409 2587 470 2624 cum
488 2571 517 2624 C.
531 2570 664 2624 Trebonio
676 2571 766 2637 legato
778 2569 904 2635 misisset,
920 2587 963 2624 re·
976 2589 987 2607 ·

110 2650 192 2714 perite
205 2663 237 2698 ex
251 2645 376 2698 omnibus
388 2647 512 2714 pmtibus
524 2647 560 2700 ad
572 2646 746 2715 pabulatores
759 2646 962 2715 advolaverunt,

111 2721 200 2774 sicuti
213 2721 248 2774 ab
264 2721 348 2788 signis
364 2722 570 2791 legionibusque
586 2739 640 2776 nen
656 2722 829 2777 absisterent.
866 2723 962 2778 Nostri

110 2796 210 2849 acriter
231 2796 258 2850 in
280 2813 327 2850 ecs
344 2797 450 2866 impetu
469 2800 541 2852 sueto
564 2799 751 2869 reppulerunt,
770 2815 859 2868 neque
880 2799 961 2854 finem

111 2871 242 2939 sequendi
259 2873 383 2927 fecerunt
397 2874 486 2942 quoad
500 2875 622 2929 subsidio
636 2875 730 2928 confisi
746 2875 860 2942 equites,
877 2882 961 2944 quum

110 2951 172 3015 pest
193 2963 222 3000 se
243 2947 363 3016 legiones
387 2950 519 3019 viderent,
539 2952 704 3020 praecipites
724 2950 817 3004 hostes
837 2956 960 3020 egerunt,

109 3039 262 3092 inaguoque
275 3023 492 3080 eorum'numero
504 3027 752 3094 interfectumque
765 3027 806 3078 sui
818 3027 970 3090 colligendi

163 3116 199 3155 ue
217 3100 384 3154 consistendi
403 3106 451 3156 aut
467 3119 502 3156 cx
519 3103 627 3158 essedis
644 3101 802 3156 desiliendi
814 3098 995 3147 ascensam

141 3172 252 3232 “arunt.
290 3175 333 3232 le
346 3176 478 3251 bacinga
487 3172 862 3252 protinusquaeundxssim
871 3169 1008 3212 “mm
