2018 3396
81 117 113 166 ol
348 115 376 165 G.
399 114 501 165 JULII
524 115 696 164 CAESARIS

42 188 61 233 Χ
82 195 169 264 pressi
195 195 342 263 perierunt.
378 194 473 248 Nostri
497 194 533 248 ad
556 211 641 248 unum
668 210 762 248 omnes
788 195 938 249 incolumes

83 271 226 341 perpaucis
237 270 385 323 vulneratis
397 286 430 322 ex
442 271 514 324 tanti
525 269 591 323 belli
602 270 708 332 timore,
721 287 805 338 quum
817 269 938 324 hostium

84 363 212 402 numerus
230 346 349 414 capitum
372 360 466 398 enxxx
488 345 593 399 milium
617 346 721 411 fuisset,
740 363 770 400 se
794 347 822 399 in
847 349 939 398 eastra
969 374 980 389 ·

84 426 253 492 receperimt.
291 422 391 475 Caesar
402 421 445 475 his
457 437 526 489 quos
537 421 565 473 in
578 422 675 475 eastris
686 423 837 476 retinuerat
853 421 939 474 disee-

84 499 167 554 dendi
179 500 346 567 potestatem
359 497 431 551 fecit.
468 496 513 550 Illi
526 497 659 565 supplicia
671 497 862 567 cruciatusque
877 496 939 550 Gal-

84 576 173 628 lorum
197 573 286 640 veriti‚
310 589 426 641 quorum
450 588 530 640 agros
554 577 727 637 vexaverant,
747 589 888 626 remanere
910 589 939 626 se

84 651 158 721 apud
170 666 233 704 eum
253 649 322 702 velle
338 649 476 702 dixerunt.
513 648 565 701 ilis
582 647 683 701 Cacsar
702 648 859 702 libertatem
877 664 940 701 eon-

85 728 173 781 eessit.
781 750 785 756 ’

138 807 179 856 16.
215 800 376 854 Gennanico
384 799 456 853 bello
464 799 686 852 confectomultis
694 800 826 853 decausis
839 800 942 854 Caesar

87 878 185 931 statuit
197 876 248 930 sibi
262 877 387 929 Rhenum
399 892 459 928 esse
472 873 683 940 transeundun13
703 892 818 944 quarum
830 875 876 928 illa
887 875 941 928 fuit

82 952 234 1021 justissima
246 951 326 1018 quod,
340 968 423 1018 quum
435 950 543 1003 videret
560 949 709 1004 Germanos
724 955 782 1004 tam
797 951 875 1004 facile
891 950 942 1002 im.

87 1029 151 1097 pelli
175 1031 208 1081 ut
230 1028 259 1079 in
283 1027 398 1080 Galliam
422 1026 553 1092 venirent,
579 1025 634 1078 suis
658 1043 767 1094 quoque
788 1025 871 1080 rebus
894 1043 941 1080 eos

87 1105 186 1177 timore
210 1103 302 1169 voluit,
324 1119 407 1171 quum
427 1101 614 1169 intelligerent
635 1105 664 1155 et
683 1119 763 1170 posse
786 1105 815 1155 et
838 1101 942 1156 audere

87 1180 180 1248 populi
202 1178 316 1231 Romani
337 1177 487 1231 exereitum
509 1177 635 1230 Rhenum
653 1178 780 1232 transire.
816 1179 942 1232 Accessit

88 1255 171 1308 etiam
184 1253 259 1323 quod
269 1254 316 1306 illa
327 1269 391 1322 pars
403 1253 542 1320 equitatus
554 1252 699 1321 Usipetum
715 1258 743 1308 et
760 1255 943 1309 Tenehthero-

88 1347 158 1398 rum,
171 1347 253 1398 quam
265 1346 347 1398 supra
358 1329 566 1382 commemorari
581 1329 731 1397 praedandi
746 1331 943 1384 frumentandi-

90 1424 144 1475 que
164 1422 246 1459 eausa
266 1406 370 1458 Mosam
390 1405 521 1458 transisse
543 1421 632 1473 nequo
655 1407 757 1474 proelio
780 1407 943 1476 interfuisse,

89 1486 153 1551 post
170 1482 263 1550 fugam
284 1497 392 1533 suorum
412 1498 442 1534 se
461 1485 537 1535 trans
558 1481 685 1534 Rhenum
704 1482 732 1534 in
751 1483 818 1536 fines
838 1484 943 1552 Sigam.

58 1606 62 1611 .
90 1558 201 1611 brorum
218 1559 359 1625 receperat
374 1573 457 1625 seque
468 1574 528 1610 cum
542 1557 576 1610 iis
591 1556 779 1625 conjunxerat.
816 1560 862 1612 Ad
875 1576 943 1627 quos

92 1651 176 1701 quum
189 1633 289 1686 Caesar
307 1632 417 1685 nuntios
437 1632 563 1701 misisset,
580 1634 626 1700 qui
641 1633 813 1702 postularent
829 1652 875 1688 eos
895 1636 943 1704 qui

92 1709 144 1762 sibi
157 1709 317 1775 Galliaeque
328 1706 430 1760 bellum
446 1708 602 1762 intulissent
617 1709 668 1762 sibi
682 1708 824 1776 dederent,
833 1727 943 1779 respon-

92 1785 206 1853 derunt:
227 1783 322 1853 Populi
337 1784 452 1836 Romani
465 1784 608 1852 imperium
624 1785 750 1839 Rhenum
763 1786 857 1839 finire:
879 1787 901 1839 si
914 1803 944 1840 se

92 1861 177 1914 invito
190 1861 339 1914 Germanos
351 1860 379 1912 in
393 1860 508 1914 Galliam
521 1861 638 1914 transire
650 1879 703 1914 non
718 1878 836 1930 aequum
852 1863 945 1915 existi.

93 1939 189 2000 maret,
208 1935 316 1988 cursui
340 1936 491 2004 quidquam
515 1953 575 1990 esse
598 1936 704 2005 imperii
728 1942 777 1990 aut
799 1938 945 2004 potestatis

95 2016 172 2065 trans
196 2011 322 2063 Rhenum
346 2011 517 2078 postularet?
554 2011 621 2065 Ubii
645 2016 745 2079 autem,
770 2013 816 2081 qui
839 2012 887 2064 uni
910 2029 945 2065 cx

95 2085 307 2139 Transrhenanis
319 2085 355 2138 ad
368 2086 512 2141 Caesarem
526 2087 631 2155 legatos
647 2087 786 2155 miserant,
798 2088 944 2141 amicitiam

95 2163 222 2225 fecerant
234 2161 343 2214 obsides
355 2161 496 2230 dederant,
508 2179 606 2230 magno
618 2180 700 2230 opere
714 2163 829 2217 orabant
844 2166 877 2218 ut
893 2163 946 2217 sibi

96 2237 226 2292 auxilium
243 2237 335 2303 ferret,
351 2237 424 2305 quod
441 2238 561 2304 graviter
577 2239 612 2292 ab
629 2239 723 2293 Suevis
739 2257 816 2308 prem
848 2243 946 2304 entur;

96 2313 139 2368 rel
151 2312 173 2365 si
185 2311 215 2364 id
225 2312 314 2364 faeere
326 2314 547 2380 occupationibus
559 2314 599 2367 rei
610 2313 734 2382 publicae
748 2315 825 2383 prohi
844 2318 946 2382 eretur,

96 2389 247 2442 exereitum
259 2386 341 2440 modo
355 2386 480 2441 Rhenum
491 2393 709 2458 transportaret:
727 2390 757 2442 id
769 2389 820 2443 sibi
834 2389 869 2442 ad
882 2406 947 2442 aux-

96 2465 172 2518 ilium
185 2480 316 2533 spemque
328 2464 425 2532 reliqui
438 2466 569 2533 temporis
582 2465 649 2539 satis
664 2465 794 2520 futurum.
831 2465 947 2518 Tantum

97 2558 156 2594 esse
180 2557 276 2594 nomen
301 2543 385 2608 atque
405 2541 558 2608 opinionem
576 2540 636 2609 ejus
654 2543 789 2596 exercitus
808 2541 948 2594 Ariovisto

97 2619 175 2686 pulso
198 2622 227 2670 et
249 2617 300 2670 hoe
317 2616 460 2670 novissimo
477 2617 581 2707 proelio
597 2617 668 2671 facto
686 2618 768 2672 etiam
786 2617 822 2671 ed
838 2616 949 2670 ultimas

99 2697 295 2747 Germanorum
319 2693 451 2762 nationes,
469 2694 510 2748 uti
528 2695 654 2763 opinione
672 2699 702 2749 et
720 2694 812 2748 amicit
812 2694 839 2747 ia
855 2693 949 2763 populi

99 2769 214 2821 Romani
227 2768 281 2821 tuti
293 2785 353 2823 esse
369 2771 482 2837 possint.
520 2772 638 2824 Navium
652 2787 778 2838 magnam
792 2770 896 2838 copiam
912 2768 950 2823 ad

99 2848 239 2911 transport
227 2844 339 2897 tandum
353 2847 502 2899 exercitum
515 2846 720 2916 pollicebantur.

45 2938 69 2978 >r
154 2924 192 2975 17.
230 2919 328 2973 Caesar
337 2920 380 2973 h1s
389 2921 424 2974 do
433 2938 520 2975 causis
530 2939 598 2990 quas
606 2939 814 2976 commemoravi
805 2920 950 2974 Rhenum

84 2994 209 3047 transire
232 2995 405 3065 decreverat,
426 2998 477 3054 sed
494 2998 614 3053 nauibus
633 3000 754 3053 transire
776 3012 868 3063 neque
887 2995 999 3047 satis'

66 3066 165 3119 tutum
187 3087 251 3125 esso
269 3074 472 3132 arbitrabatur
490 3094 587 3147 neque
607 3079 677 3130 suae·
693 3089 791 3142 neque
804 3066 976 3136 hohffiffi‘*

46 3139 135 3190 mani
160 3144 320 3214 ‘figmentis
351 3171 418 3211 esse
449 3155 617 3213 statuebat.
653 3153 776 3217 ltaque
801 3143 859 3196 sisi
882 3149 998 3188 summm
