2018 3396
442 125 554 174 LIBER
570 125 605 174 V.
673 169 675 175 ,
853 162 856 171 ,
924 131 955 182 za
999 131 1002 134 “

102 226 157 279 que
180 208 368 277 subsisterent,
387 223 477 275 neque
500 210 601 263 nautae
623 208 877 281 gubernatoresque
900 201 956 267 vini

101 286 274 353 tempestatis
285 284 344 352 pati
360 287 486 352 possent;
499 284 592 353 itaque
604 301 639 338 ex
651 302 684 340 ea
699 303 831 341 concursu
847 288 957 343 navium

101 380 228 430 magnum
241 379 300 415 esse
312 360 511 414 incommodum
523 364 673 430 acceptum.

156 446 193 492 ll.
231 439 284 491 His
300 437 384 490 rebus
400 437 516 504 cognitis
535 437 636 491 Caesar
654 439 774 507 legiones
793 441 957 510 equitatum-

101 532 154 584 que
165 515 286 569 revocari
298 518 381 583 atque
393 514 491 568 itinere
504 513 637 567 desistere
649 513 739 582 jubet,
750 516 809 586 ipse
821 517 858 570 ad
874 534 957 572 naves

100 592 261 646 revertitur:
281 591 377 644 eadem
389 591 447 644 scre
459 607 530 660 quae
540 608 575 645 ex
586 591 691 644 nunciis
703 591 845 660 literisque
858 610 956 662 cogno-

90 671 179 721 ·verat
190 684 282 720 caram
293 668 432 736 perspicit,
446 667 485 720 sic
496 670 529 721 ut
541 667 648 720 amissis
664 667 774 721 circiter
790 683 826 722 111
843 670 956 725 navibus

100 744 221 811 reliquae
239 746 332 796 tamon
350 743 424 797 refici
441 760 638 812 possemagno
656 745 766 812 negotio
784 745 953 800 viderentur,

102 821 199 888 Itaque
212 837 245 874 ex
258 820 408 888 legionibus
420 820 513 873 fabros
526 820 623 888 deligit
635 823 665 873 et
678 837 712 874 ex
725 821 877 875 continenti
888 823 955 876 alios

31 946 39 958 ,
100 896 198 949 arcessi
208 896 306 964 jubet3
320 896 439 950 Labieno
457 896 552 951 scribit
568 901 603 950 ut
615 913 698 965 quam
712 897 842 966 plurimas
862 902 956 965 posset

99 972 133 1025 iis
157 973 314 1040 legionibus,
337 989 407 1041 quae
433 975 497 1026 sunt
519 972 593 1041 apud
617 989 687 1038 cum,
711 989 794 1026 naves
817 973 955 1028 instituat.

101 1048 164 1115 Ipse
177 1049 229 1101 etsi
241 1065 286 1102 aes
298 1052 358 1102 crat
369 1048 471 1102 multae
489 1065 587 1117 operae
604 1065 636 1101 ae
651 1047 760 1117 laboris,
773 1052 866 1103 tamen
883 1066 955 1103 com-

99 1124 284 1178 modissimum
303 1142 363 1178 esse
380 1124 479 1178 statuit
496 1140 589 1177 omnes
607 1140 690 1178 naves
709 1124 823 1181 subduci
842 1129 870 1179 et
893 1143 955 1179 cum

99 1201 195 1254 castris
213 1217 267 1254 una
287 1201 446 1276 munitione·
458 1199 594 1267 conjungi.
630 1200 664 1252 In
683 1200 726 1254 his
744 1200 827 1254 rebus
846 1201 956 1255 circiter

100 1277 160 1330 dies
179 1293 198 1330 x
218 1278 359 1344 consumit,
379 1294 414 1329 ne
438 1277 577 1328 nocturnis
597 1276 709 1342 quidem
729 1276 898 1344 temporibus
918 1278 955 1331 ad

37 1404 40 1410 .
99 1353 220 1406 laborem
233 1352 528 1406 militumintermissis.
566 1352 712 1406 Subductis
722 1353 835 1406 navibus
845 1355 953 1406 castris

100 1447 154 1497 que
167 1429 276 1496 egregie
290 1429 402 1481 mimitis
419 1428 529 1480 easdem
545 1429 636 1497 copias
653 1444 720 1496 quas
736 1432 801 1482 ante
818 1430 954 1496 pracsidio

99 1504 212 1558 navibus
225 1505 350 1572 reliquit:
363 1504 421 1572 ipse
434 1504 531 1557 cedem
544 1505 617 1558 unde
629 1504 751 1558 redierat
762 1504 953 1573 proficiscitur.

101 1580 140 1632 llo
153 1598 237 1648 quum
254 1581 381 1648 venisset,
394 1580 513 1648 majores
528 1580 587 1649 jam
603 1580 725 1648 undique
740 1581 768 1632 in
784 1596 847 1634 eum
866 1580 954 1634 locum

100 1658 192 1725 copiae
212 1648 406 1710 Britannorum
424 1660 614 1725 convenerant,
631 1673 736 1710 summa
751 1656 860 1726 imperii
877 1655 954 1710 belli-

100 1749 154 1800 que
168 1731 377 1785 administrandi
392 1733 527 1786 communi
543 1732 655 1786 consilio
671 1732 805 1801 permissa
820 1732 954 1786 Cassivel-

99 1808 186 1873 launo,
199 1809 241 1877 cuj
245 1827 276 1862 as
288 1810 355 1862 fines
367 1826 384 1861 a
395 1809 539 1862 maritimis
551 1808 707 1862 civitatibus
731 1809 832 1861 fiumen
847 1808 954 1874 dividit,

100 1885 173 1951 quod
185 1884 339 1953 appellatur
355 1885 483 1952 Tamesis,
497 1885 594 1938 amari
610 1885 718 1939 circiter
734 1884 809 1937 milia
826 1900 953 1952 passuum

100 1975 182 2014 nxxx.
220 1961 292 2013 lluic
304 1960 444 2029 superiore
457 1963 581 2029 tempore
592 1977 654 2014 cum
666 1960 780 2029 reliquis
795 1959 954 2014 civitatibus

99 2037 265 2090 continentia
288 2036 360 2090 bella
383 2037 612 2101 intercesserant3
636 2036 686 2090 scu
709 2040 804 2090 nostro
833 2035 953 2089 adventu

98 2113 216 2180 permoti
236 2112 361 2165 Britanni
382 2111 453 2164 hunc
473 2113 526 2165 toti
544 2112 616 2165 bello
634 2112 803 2180 imperioque
818 2111 954 2180 praefece-

100 2192 169 2242 rant.

153 2271 192 2318 12.
229 2264 387 2317 Britanniae
407 2280 471 2332 pars
492 2263 605 2315 interior
624 2261 659 2314 ab
678 2264 711 2316 iis
734 2263 866 2331 incolitur,
885 2279 953 2331 quus

99 2344 177 2395 natos
199 2340 334 2393 ininsula
354 2340 414 2407 ipsa
434 2338 564 2393 memoria
583 2337 725 2406 proditum
745 2338 953 2403 dicunt3ma1i-

99 2418 167 2469 tima
178 2433 241 2484 pars
254 2416 289 2469 ab
302 2416 335 2469 iis
348 2416 395 2484 qui
407 2415 527 2483 praedae
541 2430 573 2467 ac
589 2413 654 2467 belli
671 2413 807 2466 inferendi
821 2430 902 2467 causa
918 2430 952 2467 ex

100 2493 195 2560 Belgio
207 2492 381 2557 transierant,
394 2491 441 2558 qui
456 2506 549 2544 omnes
564 2489 624 2542 fere
640 2482 674 2542 ii's
688 2489 842 2541 nominibus
860 2490 953 2542 civita-

99 2572 158 2622 tum
170 2569 342 2637 appollantur
360 2568 459 2636 quibus
475 2566 528 2619 orti
544 2583 578 2619 ex
597 2564 754 2619 civitatibus
773 2581 810 2618 eo·
824 2581 952 2634 peraeae

42 2651 48 2662 ’
100 2649 209 2710 runt,.ot
219 2643 290 2697 bollo
302 2644 379 2696 illato
392 2643 429 2695 ibi
444 2645 652 2711 permanseramt
668 2643 752 2708 atquc
768 2656 848 2708 agros
864 2641 953 2694 colere

100 2724 253 2789 coeperunt.
289 2710 438 2772 Hominum
452 2722 495 2772 cst
504 2717 611 2770 infinita
619 2715 767 2770 multitude
777 2716 953 2770 creberrima-

14 2857 23 2872 ·
100 2814 153 2866 que
166 2797 299 2863 aedilicia,
311 2797 369 2850 sere
383 2795 493 2849 Gallicis
506 2794 671 2858 consimilia3
690 2809 818 2861 pecorum
837 2798 952 2861 magnus

101 2889 235 2927 numerus.
271 2872 396 2925 Utuntur
420 2875 468 2925 aut
492 2887 564 2937 aere,
589 2873 637 2923 aut
660 2885 771 2921 nummo
795 2885 883 2936 aereo,
904 2872 953 2923 aut

101 2946 179 3002 taleis
191 2947 287 3001 ferreis
299 2947 453 3000 adsertam
469 2945 576 3015 pondus
591 2945 752 2999 examinatis
767 2962 817 3013 pro
832 2960 952 3003 nummo,

102 3024 230 3078 Nascitur
241 3023 279 3076 ibi
291 3023 434 3091 plumbum
453 3022 545 3076 album
564 3021 592 3074 in
610 3021 818 3076 mediterraneis
837 3021 953 3087 regioni-

102 3084 200 3168 busin
212 3099 354 3152 inantimis
366 3099 479 3167 fenum,
491 3098 543 3152 sed
553 3099 617 3166 cius
627 3099 735 3163 exigas
741 3101 791 3146 esu
796 3095 980 3172 sapsa-,aere

101 3178 218 3230 utuntur
240 3175 400 3247 importata.
437 3175 568 3231 Materia
591 3173 738 3242 sequanus
762 3174 886 3230 emm*
906 3158 950 3198 Ψ
991 3166 999 3183 ”
