2018 3396
421 107 533 156 LIBER
550 108 583 157 V.
896 112 929 161 75

73 188 190 242 multum
202 187 298 242 abesse
310 186 345 240 ab
357 203 390 241 eo
402 187 469 255 quin
480 188 574 256 paucis
589 184 686 240 diebus
702 188 801 249 deduci
815 189 928 258 possint.

75 265 242 318 Collaudatis
260 262 493 332 militibusatque
510 263 544 316 iis
557 263 604 330 qui
620 264 730 330 negotio
745 267 927 332 praefuerant,

75 340 143 412 quid
155 341 214 394 fieri
231 339 297 393 velit
315 338 444 406 ostendit,
457 342 541 408 atque
557 356 651 392 omnes
667 339 703 392 ad
718 344 829 408 portum
842 341 928 396 Itium

74 417 217 469 convenire
225 414 377 484 jubetque
389 433 424 469 ex
433 421 515 484 portu
524 415 772 469 commodissimum
781 417 810 471 in
819 417 928 471 Britan-

74 492 147 544 niam
159 491 306 559 trajectum
320 508 380 544 esse
391 493 554 559 cognoverat
567 491 676 544 circiter
685 492 789 544 milium
799 509 926 561 passuum

74 583 131 620 xxx
143 566 333 620 transmissum
346 583 362 620 a
373 567 529 620 continenti.
567 566 639 619 Huic
652 568 691 620 rei
704 567 778 635 quod
790 569 856 622 satis
868 585 928 622 esse

74 644 162 696 visum
174 643 342 696 estmilitum
351 643 478 711 reliquit:
491 643 549 710 ipse
559 659 619 696 cnm
629 643 782 710 legionibus
791 645 928 711 expeditis

75 733 105 771 iv
119 722 148 772 et
159 718 299 787 equitibus
307 714 480 772 neeeinfines
486 719 658 772 Trevirorum
663 719 849 787 proficiscitur,
855 721 928 788 quod

74 793 102 846 hi
114 811 204 862 neque
215 795 252 846 ad
263 795 375 847 eoncilia
387 794 540 859 veniebant,
552 810 643 863 neque
654 795 767 863 imperio
785 795 926 864 parebant,

74 870 279 937 Germanosque
293 871 512 924 Transrhenanos
525 870 670 923 sollicitare
683 871 853 925 dicebantur.

126 952 149 1000 3.
186 946 263 999 Haec
274 946 370 999 civitas
382 945 461 1014 longe
477 946 623 1014 plurimum
640 946 724 1000 totius
737 947 839 1000 Galliac
852 948 925 1016 equi,

73 1025 137 1075 tatu
154 1022 228 1075 velet
244 1039 410 1091 magnasque
426 1023 511 1076 babet
529 1023 619 1091 copias
638 1022 770 1090 peditum,
791 1023 925 1076 Rhenum·

74 1115 135 1166 que,
153 1094 185 1151 ut
204 1114 286 1166 supra
304 1098 558 1163 demonstravimus
577 1098 673 1166 tangit.
694 1098 744 1151 «In
763 1115 796 1152 ea
815 1099 926 1154 civitate

74 1174 128 1227 duo
139 1174 175 1228 de
187 1174 342 1243 principatu
357 1176 430 1228 inter
447 1191 475 1227 se
493 1175 702 1240 contendebant,
720 1174 927 1228 induciomarus

74 1254 103 1304 et
120 1249 286 1318 Cingetorix,
296 1245 322 1304 ¹e
339 1249 438 1318 quibus
454 1250 531 1317 alter,
550 1250 629 1302 simul
646 1253 729 1317 atque
748 1250 783 1302 dc
802 1250 927 1304 Caesaris

73 1325 266 1394 legionumque
289 1327 409 1380 adventu
432 1326 569 1393 cognitum
588 1329 638 1391 est,
656 1325 692 1377 ad
710 1342 772 1379 eum
789 1326 878 1391 venit3
897 1343 926 1379 se

73 1418 191 1470 suosque
200 1419 293 1456 omnes
301 1404 329 1456 in
339 1402 426 1456 officio
438 1403 545 1455 futuros
558 1419 648 1470 neque
660 1402 695 1455 ab
705 1402 825 1455 amicitia
833 1402 926 1471 populi

41 1484 43 1488 ’
74 1478 189 1531 Romani
201 1478 356 1531 defecturos
369 1478 546 1543 confirmarit,
561 1494 685 1546 quaeque
701 1478 728 1531 in
745 1477 925 1545 Trevirisge-

73 1557 200 1608 rerentur
212 1554 340 1608 ostendit.
376 1556 416 1607 At
429 1552 637 1607 Indueiomarus
652 1555 804 1622 equitatum
818 1553 926 1622 pedita-

73 1634 188 1698 tumque
200 1646 304 1698 cogero,
316 1630 405 1696 iisque
417 1630 463 1698 qni
476 1646 526 1697 per
538 1632 658 1683 aetatem
670 1631 698 1682 in
710 1629 793 1682 armis
803 1646 925 1683 essenon

73 1709 201 1774 poterant
221 1707 250 1759 in
274 1706 369 1760 silvam
394 1705 572 1759 Arduennam
598 1705 705 1773 abditis,
731 1721 801 1774 quae
821 1707 925 1772 ingenti

73 1781 262 1849 magnitudine
284 1798 335 1851 per
357 1783 463 1835 medios
486 1782 554 1835 fines
578 1783 751 1836 Trevirorum
775 1798 792 1835 a
814 1781 926 1835 flumine

75 1857 170 1910 Rheno
183 1857 219 1910 ad
230 1857 339 1911 initium
353 1858 502 1910 Remorum
516 1857 645 1926 pertinet,
657 1858 759 1911 bellum
775 1873 873 1925 parare
887 1858 926 1911 in-

74 1934 172 1986 stituit.
208 1933 263 1986 Sed
277 1937 455 2002 posteaquam
470 1933 591 1986 nonnulli
607 1933 742 2002 principes
760 1951 794 1987 ex
813 1950 844 1986 ea
862 1934 925 1986 civi-

74 2012 142 2077 tate,
160 2011 189 2063 et
207 2009 392 2063 familiaritate
411 2009 594 2077 Cingetorigis
617 2009 728 2063 adducti
752 2013 781 2063 et
805 2010 923 2063 adventu

73 2086 160 2139 nostri
172 2087 308 2139 exereitus
320 2086 468 2154 perterriti,
482 2085 518 2139 ad
533 2085 677 2139 Caesarem
694 2089 827 2140 venerunt
843 2090 873 2139 et
889 2085 925 2138 de

74 2161 130 2231 suis
149 2161 377 2230 privatimrebus
396 2162 430 2214 ab
451 2179 483 2215 eo
506 2165 601 2230 petere
623 2156 779 2229 coeperunt,
798 2161 923 2229 quoniam

73 2237 177 2292 civitati
189 2238 330 2292 consulere
346 2254 400 2291 non
417 2241 535 2306 possent,
551 2237 756 2290 induciomarus
771 2237 875 2291 veritus
890 2253 925 2290 nc

73 2312 108 2366 ab
132 2313 255 2367 omnibus
279 2312 454 2367 desereretur
476 2313 582 2380 legatos
600 2313 635 2365 ad
660 2313 805 2366 Caesarem
823 2312 924 2366 mittit:

73 2406 133 2442 sese
156 2389 256 2442 idcireo
280 2389 314 2442 ab
336 2389 392 2442 suis
415 2389 557 2442 discedere
581 2392 664 2456 atque
687 2387 722 2458 ad
746 2405 809 2442 eum
832 2387 924 2441 venire

72 2455 198 2532 nolirisse‚
215 2483 270 2534 quo
286 2464 390 2518 lacibus
405 2465 544 2518 civitatem
560 2465 589 2516 in
606 2463 693 2517 officio
711 2463 870 2529 contineret,
889 2480 924 2516 ne

73 2541 160 2594 omnis
178 2540 329 2594 nobilitatis
347 2540 468 2594 discessu
485 2539 563 2607 plebs
580 2541 694 2608 propter
711 2537 924 2606 impuidentiam
962 2583 963 2586 ,

72 2616 225 2670 laberetur:
237 2616 331 2684 itaque
343 2633 403 2670 esse
420 2615 559 2669 civitatem
570 2614 599 2668 in
611 2631 661 2667 sua
672 2615 819 2682 potestate,
832 2628 923 2681 seque,

73 2692 97 2746 si
110 2693 210 2746 Caesar
222 2693 403 2761 permitteret,
416 2692 453 2745 ad
469 2708 531 2745 eum
546 2691 575 2744 in
590 2694 680 2744 eastra
696 2691 849 2755 venturum,
862 2705 924 2741 suas

72 2767 248 2835 civitatisque
260 2768 383 2822 fortunas
395 2767 419 2835 ej
424 2783 455 2820 us
467 2767 532 2820 fidei
544 2765 748 2835 permissurum.

125 2849 148 2895 4.
186 2843 294 2911 Cacsar,
307 2844 359 2897 etsi
371 2842 543 2910 intelligebat
554 2858 609 2910 qua
620 2841 656 2894 de
667 2857 748 2894 causa
760 2857 793 2893 ea
802 2839 922 2893 diceren-

72 2923 127 2985 tur,
148 2934 271 2986 quaeque
289 2936 350 2972 enm
369 2935 413 2972 res
430 2919 465 2972 ab
482 2919 609 2972 instituto
627 2917 738 2971 consilio
762 2915 923 2984 deterreret,

73 2999 174 3062 tamen,
194 3010 229 3048 ne
247 2999 380 3048 aestatem
404 2997 432 3048 in
456 2995 573 3048 Treviris
597 3009 755 3047 consumere
778 2994 925 3059 cogeretur

73 3071 199 3124 omnibus
215 3070 252 3123 ad
268 3070 453 3124 Britannicum
468 3070 570 3123 bellum
588 3069 671 3122 robus
688 3067 865 3134 comparatis,
879 3066 930 3144 ln-

74 3146 259 3202 duciomarum
271 3147 306 3201 ad
320 3164 349 3202 se
360 3162 424 3200 cuin
436 3146 567 3202 discentis
577 3143 729 3199 obsidibus
738 3139 844 3194 sedne
851 3135 958 3198 'gnam
