2018 3396
103 134 133 181 48
365 126 394 174 0.
411 124 512 174 JULlI
530 122 702 172 CAESARIS

156 217 179 268 8.
214 205 308 280 Hujus
326 211 370 264 est
390 205 516 260 civitatis·
526 204 607 272 longe
625 201 792 272 amplissima
808 199 959 260 auctoritas

103 289 190 341 omnis
206 302 270 341 orae
285 284 439 338 maritimae
457 281 600 349 regionum
619 295 721 346 earum,
734 276 809 348 quod
828 282 858 334 et
874 297 958 335 neves

103 362 207 417 liabent
218 361 321 415 Veneti
332 359 464 429 plurimas
476 358 577 426 quibus
594 357 623 409 in
640 355 810 410 Britanniam
828 356 959 425 navigare

103 440 277 505 consuerunt,
298 439 328 491 et
351 435 465 490 scientia
488 436 573 502 atque
596 448 649 486 usu
671 431 844 486 nauticarum
864 449 959 486 rerum

104 513 224 583 reliquos
243 511 416 578 antecedunt,
434 513 464 563 et
482 509 511 562 iu
529 524 629 576 magno
647 508 753 575 impetu
771 507 855 560 maris
873 512 959 577 atquo

104 592 201 659 aperto
223 588 316 657 paucis
339 585 464 655 portibus
491 583 651 652 interjectis,
675 600 743 652 quos
771 586 868 638 tenent
895 584 957 653 ipsi,

103 680 199 718 omnes
209 663 268 717 fere
280 663 327 731 qui
344 678 376 717 co
392 661 460 714 mari
476 659 518 714 uti
534 664 701 714 consuerunt
719 659 821 714 habent
839 661 959 728 vectiga-

104 741 152 794 les.
190 739 235 794 Ab
254 738 297 791 his
315 737 348 792 iit
368 737 476 790 initium
499 735 636 790 retinendi
658 735 718 791 Silii
738 742 822 805 atque
840 735 959 804 Velanii,

106 815 181 885 quod
200 831 250 884 per
268 830 315 867 eos
336 829 399 867 euos
418 829 448 866 se
467 812 576 866 obsides
600 827 668 880 quos
693 812 791 866 Crasso
815 811 960 866 dedissent

107 892 309 960 reciperaturos
327 888 528 943 existimabant.
565 888 672 941 Horum
692 887 856 942 auctoritate
875 887 959 941 finiti-

106 967 144 1020 mi
160 965 283 1033 adducti,
295 967 327 1019 ut
343 968 408 1019 sunt
424 965 564 1019 Gallorum
584 962 675 1018 subita
694 967 723 1018 et
738 963 883 1032 repentina
898 979 960 1016 eon-

107 1044 175 1110 silia,
188 1041 284 1096 eadem
297 1041 332 1095 de
344 1057 425 1094 eausa
437 1040 566 1094 Trebium
581 1040 820 1108 Terrasidiumque
836 1038 960 1092 retinent

107 1123 136 1172 ot
155 1118 282 1172 celeriter
300 1116 391 1170 missis
409 1117 507 1184 legatis
524 1132 576 1184 per
595 1132 658 1169 suos
677 1116 814 1184 principes
834 1115 909 1168 inter
929 1131 959 1168 se

108 1195 252 1262 conjurant
264 1193 330 1246 nihil
349 1193 401 1246 nisi
421 1192 555 1246 communi
575 1191 684 1245 consilio
703 1195 810 1245 acturos
827 1190 959 1244 eundem-

108 1287 163 1338 que
186 1269 272 1324 omnis
295 1269 422 1323 fortunae
441 1269 545 1322 exitum
564 1284 625 1321 esse
644 1267 767 1332 laturos3
784 1267 959 1334 reliquasque

109 1347 234 1401 civitates
246 1345 393 1399 sollicitant
404 1347 437 1398 ut
448 1345 476 1397 in
489 1361 522 1398 ea
533 1343 663 1397 libertato
678 1359 760 1411 quam
778 1359 795 1395 a
808 1341 959 1409 majoribus

109 1425 269 1490 acceperant
291 1437 453 1489 permanere
477 1437 558 1488 quem
587 1419 770 1472 Romanorum
796 1416 958 1471 servitutem

109 1498 230 1566 perferre
241 1497 360 1551 mallent.
397 1495 478 1549 Omni
490 1512 538 1549 ora
549 1494 687 1550 maritima
698 1494 825 1548 celeriter
837 1492 874 1546 ad
882 1509 959 1546 suam

109 1573 272 1626 sententiam
302 1572 444 1641 perducta,
472 1587 642 1624 communem
670 1570 833 1637 legationem
861 1568 898 1622 ad
930 1569 959 1621 P.

111 1649 238 1702 Crassum
261 1648 383 1715 mittunt,
404 1647 432 1702 ei
456 1646 523 1700 velit
541 1661 604 1699 suos
623 1646 752 1714 recipere,
775 1643 884 1698 obsides
907 1643 959 1698 sibi

109 1723 242 1778 remittet.

58 1813 68 1833 ‘
163 1805 188 1854 9.
223 1799 328 1865 Quibus
340 1799 376 1853 de
387 1798 469 1853 rebus
482 1798 583 1852 Caesar
593 1798 629 1852 ab
645 1797 743 1851 Crasso
752 1797 854 1851 certior
862 1797 959 1861 faetus,

109 1874 185 1943 quod
195 1876 254 1943 ipse
266 1875 362 1930 aberat
373 1874 487 1942 longius,
499 1889 582 1927 naves
593 1873 704 1928 interim
716 1872 811 1941 longus
820 1870 959 1926 aedificari

109 1951 139 2002 iu
150 1950 260 2003 flumine
273 1950 379 2018 Ligere‚
392 1949 467 2018 quod
478 1948 568 2002 influit
584 1948 612 2001 in
630 1947 775 2015 Oceanum,
788 1949 907 2015 remiges
922 1963 957 1999 ex

113 2025 253 2079 Provincia
276 2025 391 2092 institui,
410 2028 508 2078 nautas
531 2024 783 2093 gubernatoresque
807 2023 959 2091 comparari

105 2100 196 2167 jubet.
232 2100 285 2153 His
296 2101 380 2154 rebus
391 2100 519 2154 celeriter
529 2099 729 2154 administratis
741 2100 800 2169 ipse
811 2115 896 2168 quum
905 2099 959 2166 pri-

110 2192 185 2229 mum
196 2191 248 2243 per
264 2177 326 2228 enni
344 2180 454 2245 tempus
473 2177 563 2244 potuit
582 2174 619 2228 ad
640 2176 791 2230 exercitum
810 2174 958 2229 contendit

112 2251 212 2305 Veneti
224 2251 400 2320 reliquaeque
416 2252 483 2306 item
500 2251 627 2306 civitates
645 2251 755 2319 cognito
773 2250 898 2304 Caesarie
913 2249 959 2303 ad-

110 2330 195 2382 ventu
206 2327 337 2381 certiores
348 2328 422 2395 faeti,
434 2327 514 2380 simul
527 2327 601 2394 quod
617 2331 749 2396 quantum
765 2326 794 2378 in
810 2342 840 2379 se
856 2326 960 2379 facinus

111 2402 286 2458 admisissent
302 2402 500 2470 intelligebant,
515 2402 629 2471 legatos,
640 2403 715 2471 quod
731 2418 829 2457 nemen
849 2401 885 2455 ad
904 2418 960 2455 om-

111 2496 159 2534 nes
182 2479 304 2533 nationes
329 2483 453 2533 sanctum
477 2478 692 2546 inviolatumque
720 2495 828 2546 semper
855 2477 959 2543 fuisset,

111 2558 260 2610 retentosa
276 2571 306 2608 sc
321 2559 350 2609 et
366 2554 394 2607 in
413 2554 519 2608 vincula
539 2553 683 2622 conjectos,
702 2571 752 2623 pro
771 2553 960 2621 magnitudino

111 2630 224 2700 periculi
244 2629 348 2684 bellum
367 2645 465 2697 parare
486 2633 515 2684 et
535 2631 652 2684 niaxime
676 2646 710 2684 ea
732 2645 803 2698 quae
826 2628 863 2682 ad
880 2645 961 2682 usum

112 2706 221 2760 navium
237 2707 377 2776 pertinent
393 2705 536 2774 providere
552 2706 708 2771 instituunt,
724 2705 775 2758 hoc
791 2703 897 2773 majore
912 2721 961 2772 spo

111 2782 185 2851 qnod
204 2783 321 2837 multum
335 2785 433 2835 natura
451 2781 503 2836 leci
521 2781 701 2836 confidebant.
738 2780 884 2834 Pedestria
901 2795 963 2849 esse

81 2852 85 2863 '
111 2858 212 2912 itinera
245 2859 352 2913 concisa
384 2857 534 2923 aestuariis,
566 2857 766 2925 navigationem
798 2855 961 2924 impeditam

112 2936 225 3001 propter
247 2933 418 2988 inscientiam
441 2934 561 2988 locorum
573 2914 806 3002 ‘paucitatemque
831 2933 962 3001 portuum

102 3008 236 3076 emebant,
266 3025 359 3078 neque
387 3012 496 3064 nostros
524 3008 663 3064 exercitus
688 3013 803 3077 qroqter
830 3004 965 3059 {rumenti

64 3113 71 3155 .‘
79 3078 214 3157 [boetem
229 3084 338 3140 diutins
356 3088 435 3158 apud
457 3105 489 3143 se
508 3086 616 3141 morari
632 3100 718 3153 posse
736 3078 934 3135 eonbdebauta
945 3090 983 3124 Μ’»

72 3161 134 3204 '²1¹1
155 3160 191 3211 vt
212 3161 312 3217 onnria
330 3168 435 3222 contra
457 3163 630 3240 opinionem
652 3155 831 3216 occiderent,
848 3150 949 3200 tanuen
963 3158 999 3212 aa
