2018 3396
411 116 524 167 LIBER
540 118 564 172 Ι.
882 127 910 174 11

62 222 133 274 quae
155 205 214 274 ipse
232 203 377 272 intelligat,
397 220 469 272 quae
493 203 589 258 civitas
610 206 751 272 queratur,
770 205 915 272 proponit3

62 285 155 335 intonet
172 283 205 334 ut
222 280 250 333 in
267 280 404 348 reliquum
420 283 530 348 tempus
545 295 638 332 eilanes
651 280 818 348 suspiciones
829 281 915 346 vitet3

62 356 213 424 praeterita
234 372 264 410 se
285 355 422 409 Divitiaco
440 355 521 409 fnrtri
541 354 696 408 condonare
716 355 793 410 dicit.
829 357 970 460 Dum-V.

62 432 151 500 norigi
163 431 291 486 custodes
303 432 380 501 ponit
392 435 424 485 ut
436 447 507 499 quae
518 433 589 498 agat,
602 430 763 498 quibuscum
777 432 914 501 loquatur,
948 451 953 463 ·
967 474 970 492 .

63 508 239 576 seire'possit.

114 587 156 639 212
181 583 285 637 llodem
293 581 913 651 dieabexploratoribuscertioriactushostes

64 660 114 714 sub
133 663 227 714 monte
246 658 401 713 consedisse
418 658 493 710 milia
514 674 644 726 passuum
659 658 695 712 ab
712 659 797 728 ipsius
815 661 914 714 eastris

63 740 133 803 octo,
153 735 242 805 qualis
261 738 334 788 esset
352 737 451 786 natura
470 732 570 786 montis
591 736 620 787 et
641 735 729 802 qualis
748 735 776 788 in
799 736 915 790 circuitu

63 829 190 866 ascensus
220 809 268 879 qui
283 812 490 877 *cognoscerent
516 809 598 862 misit.
647 810 846 865 Renuntiatum
871 818 915 866 est
942 819 970 865 τ’

63 888 170 941 facilem
192 903 259 941 csse,
294 886 337 939 De
358 885 441 938 tertia
462 884 553 952 vigilia
572 885 600 939 Τ.
621 885 771 939 Labienum
794 887 914 955 legatum

63 967 261 1032 propraetore
285 978 347 1015 cum
373 961 479 1014 duabus
504 960 656 1028 legionibus
681 966 711 1016 et
733 962 777 1016 his
799 963 914 1019 ducibus

64 1040 111 1108 qui
129 1041 183 1093 iter
199 1041 381 1107 cognoverant
393 1053 528 1091 summum
542 1037 641 1106 jugum
654 1040 755 1093 montis
766 1042 914 1096 ascendere

61 1115 157 1184 jubet;
175 1115 244 1185 quid
265 1115 308 1169 sui
328 1113 433 1168 consilii
454 1113 491 1166 sit
510 1115 639 1168 ostendit.
677 1115 741 1183 lpse
761 1116 796 1170 de
816 1123 913 1186 quarta

63 1191 156 1259 vigilia
167 1190 264 1244 eodem
278 1192 377 1245 itinere
390 1207 444 1260 quo
456 1189 549 1245 hostes
561 1191 652 1244 ierant
664 1191 700 1244 ad
712 1208 759 1246 eos
771 1194 915 1248 contendit

63 1268 272 1336 equitatumque
285 1284 393 1323 onmem
405 1270 470 1320 ante
483 1283 513 1320 se
525 1266 619 1320 mittit
657 1266 688 1320 P.
700 1267 852 1335 Considius,
866 1271 914 1338 qui

63 1344 104 1397 rei
123 1343 250 1396 militaris
270 1343 452 1410 peritissimus
469 1342 677 1409 lrabebatur„et
697 1343 726 1396 in
743 1335 865 1399 exercitu
883 1347 913 1398 L.

64 1419 156 1473 Sullae
168 1421 197 1471 et
208 1422 304 1485 postea
314 1419 343 1472 in
354 1419 393 1472 M.
406 1418 497 1472 Crassi
509 1419 607 1485 suerat,
620 1435 682 1471 eum
695 1419 913 1486 exploratoribus

5 1497 13 1522 ³
63 1494 259 1563 praemittitur.

117 1575 158 1622 22.
193 1569 286 1623 Prima
301 1569 362 1623 luce
378 1586 463 1637 quum
477 1585 599 1622 summus
615 1586 693 1623 mons
712 1587 728 1624 a
749 1571 780 1625 T.
793 1571 912 1627 Labieno

64 1648 214 1713 teneretur,
232 1645 290 1714 ipse
308 1645 344 1701 ab
359 1645 478 1698 hostium
493 1645 591 1698 castris
609 1662 663 1698 non
679 1646 786 1714 longius
801 1647 866 1701 mila
883 1652 913 1702 et

65 1721 223 1791 quingentis
234 1720 360 1790 passibus
372 1721 488 1788 abesset,
497 1737 593 1788 neque,
601 1725 633 1774 ut
645 1725 741 1790 postea
752 1739 787 1776 ex
799 1724 913 1793 captivis

64 1797 206 1866 comparit,
214 1800 262 1850 aut
271 1796 357 1867 ipsius
370 1797 563 1850 adveutus'aut
573 1796 686 1850 Labieni
696 1798 820 1866 cognitus
833 1803 914 1865 essct,

66 1873 210 1927 Considius
222 1890 293 1941 equo
305 1872 424 1926 admisso
437 1871 474 1924 ad
490 1888 553 1924 eum
569 1873 695 1940 accurrit,
708 1873 775 1928 dicit
792 1879 913 1929 montem

65 1967 147 2019 quem
159 1967 175 2002 a
188 1949 308 2003 Labieno
320 1948 448 2016 occupari
460 1948 578 2001 voluerit
589 1948 624 2001 ab
636 1948 761 2004 hostibus
771 1953 874 2017 teueri;
886 1952 914 2005 id

65 2041 95 2078 se
107 2042 124 2078 a
137 2025 247 2080 Gallicis
259 2025 342 2078 armis
355 2028 439 2092 atque
451 2023 604 2092 insignibus
616 2027 781 2094 cognovisse.
814 2028 915 2082 Cacsar

65 2118 128 2155 suas
140 2102 230 2170 copias
242 2101 270 2155 in
282 2102 437 2171 proximum
450 2100 547 2155 collem
557 2100 692 2170 subducit
701 2103 787 2157 aciem
796 2104 914 2158 instruit.

66 2177 211 2245 Labienus,
222 2182 254 2232 ut
266 2181 327 2231 erat
339 2177 365 2231 ei
376 2181 554 2246 praeceptum
566 2194 583 2230 a
597 2178 716 2232 Caesare
733 2196 768 2233 ne
781 2180 914 2248 proelium

66 2255 257 2322 committeret,
277 2254 330 2307 nisi
350 2254 436 2321 ipsius
457 2254 551 2323 copiae
572 2271 658 2323 prope
683 2255 802 2310 hostium
826 2259 916 2310 castra

66 2329 139 2383 visae
150 2334 249 2398 essent,
262 2334 294 2385 ut
306 2331 429 2399 undique
440 2347 494 2384 uno
507 2333 632 2399 tempore
643 2330 672 2384 in
686 2331 780 2386 hostes
796 2332 916 2402 impetus

66 2405 152 2473 lieret,
168 2410 260 2460 monte
279 2410 410 2475 occupato
430 2410 539 2461 nostros
559 2407 739 2476 exspectabat
757 2408 916 2477 proelioque
960 2421 966 2435 ¹

65 2483 229 2537 abstinebat
259 2483 348 2537 Multo
361 2483 479 2552 denique
492 2482 537 2536 die
548 2499 599 2551 per
611 2483 799 2551 exploratores
814 2483 916 2538 Cacsar

65 2561 192 2628 cognorit
210 2563 240 2614 et
258 2563 379 2613 montem
400 2576 416 2613 a
435 2560 491 2613 suis
508 2558 596 2612 teneri
615 2563 644 2612 et
664 2559 806 2613 Helvetios
825 2563 915 2614 eastra

65 2636 183 2689 movisse
206 2638 235 2689 et
256 2635 414 2690 Considium
437 2635 536 2688 timore
559 2635 738 2704 perterritam
763 2635 838 2703 quod
861 2652 914 2703 non

65 2711 179 2766 vidisset
190 2728 240 2780 pro
252 2712 314 2768 riso.
322 2712 374 2765 sibi
385 2711 566 2766 renuntiasse.
594 2711 633 2764 Εο
646 2709 691 2763 die
704 2722 758 2778 quo
770 2716 915 2765 consuerat

65 2786 208 2842 intervallo
231 2787 325 2842 hostes
348 2788 481 2857 sequitur,
503 2791 532 2841 et
554 2786 630 2840 milia
652 2802 781 2854 passuum
804 2788 859 2840 tria
879 2787 914 2842 ab

65 2880 160 2918 eorum
173 2865 269 2918 eastris
281 2869 371 2918 eastra
381 2861 468 2933 ponit.

118 2947 163 2996 23.
199 2940 337 2995 Postridie
348 2939 409 3008 ejus
421 2939 483 3007 diei,
491 2938 566 3007 quod
578 2937 686 2991 omnino
697 2938 812 2993 biduum
822 2957 916 3008 super-

64 3021 127 3071 erat
136 3034 221 3086 quum
231 3017 362 3072 exercitui
371 3012 944 3090 frumentummetirioportarata‘aszsb

65 3110 84 3148 a
96 3092 232 3163 bibracte,
239 3093 340 3164 oppido
354 3093 524 3149 Aeduorum
530 3091 620 3156 longe
630 3087 765 3140 inanimo
774 3089 811 3136 aa
822 3088 968 3142 samosa-

63 3170 139 3239 sr‘nw,
158 3186 212 3225 non
236 3172 358 3242 amplius
378 3172 499 3229 milibus
523 3179 673 3240 passuum
688 3172 781 3212 naam
798 3147 928 3206 casatam
940 3148 970 3184 ἵ(
