2018 3396
408 113 520 182 arnna
531 134 612 183 v111.
891 138 935 186 185

83 213 134 271 bat
145 215 219 270 enim
229 214 319 283 gratia
330 230 415 283 quum
427 212 544 268 libenter
555 231 606 283 pro
617 214 726 268 homine
738 215 791 268 sibi
809 214 938 289 conjunc

83 292 197 359 tissime,
215 307 296 361 quem
319 290 410 358 paullo
426 293 495 344 auto
508 291 688 359 praemiserat
706 291 742 345 ad
765 292 935 361 petitionem,

54 428 58 435 ,
82 371 144 422 tum
166 369 267 422 acriter
282 370 378 421 contra
395 367 541 420 factionem
559 371 588 421 ot
604 367 756 436 potentiam
779 385 934 437 paucorum,

83 445 132 514 qui
149 445 187 498 M.
206 443 320 498 Antonii
337 444 448 513 repulsa
468 443 592 497 Caesaris
609 442 768 498 decedentis
784 446 935 501 convellere

81 521 200 589 gratiam
223 520 376 589 cupiebant.
414 520 495 574 Hunc
518 520 572 575 etsi
589 537 719 588 augurem
737 521 814 590 prius
831 517 935 576 'factum

82 614 165 666 quam
178 595 289 650 Italiam
300 597 451 665 attingeret
462 596 491 649 in
509 596 608 651 itinere
624 596 756 666 audierat,
773 602 866 652 tamen
880 616 935 653 non

81 674 172 726 minus
179 673 284 742 justam
297 673 349 726 sibi
361 689 470 728 causam
482 673 629 742 municipia
641 675 670 727 et
682 673 800 728 colonias
814 674 934 729 adeundi

82 749 258 819 existimavit,
282 753 314 804 ut
337 749 372 804 iis
394 749 499 818 gratias
522 752 623 817 ageret,
648 751 723 818 quod
749 750 933 820 frequentiam

81 828 166 894 atque
178 825 294 879 officium
306 842 384 880 suurn
398 825 520 879 Antonio
530 826 748 893 praestitissent3
760 827 894 896 simulque
904 843 934 880 sc

81 904 111 954 et
121 901 251 955 honorem
268 919 347 956 suum
363 902 391 954 in
407 901 548 970 sequentis
564 902 626 955 anni
644 903 848 958 commendaret
865 903 934 972 peti-

80 977 163 1045 tione,
182 981 328 1047 propterea
344 977 419 1047 quod
436 977 587 1032 insolenter
604 979 754 1033 adversarii
773 980 816 1033 sui
834 979 933 1048 gloria-

80 1056 177 1107 rentur
194 1053 224 1108 L.
240 1055 389 1108 Lentulum
406 1056 435 1107 et
453 1054 483 1108 0.
497 1053 657 1108 Marcellum
675 1070 741 1108 coss.
755 1057 869 1122 creatos,
885 1055 932 1123 qui

80 1144 187 1182 omnem
204 1130 334 1184 honorem
353 1134 382 1184 et
400 1130 564 1198 dignitatem
582 1130 706 1184 Caesaris
718 1129 932 1199 [ex]spoliarent,

80 1209 208 1275 ereptum
226 1207 284 1260 Ser.
304 1206 408 1286 (lalbae
426 1207 603 1274 consulatum,
621 1222 706 1274 quum
724 1207 748 1258 is
765 1206 852 1260 multo
869 1206 943 1274 plus,

78 1281 169 1349 gratia
186 1282 375 1352 suffragiisque
392 1282 529 1350 valuisset,
547 1282 621 1350 quod
644 1280 696 1335 sibi
719 1281 880 1350 conjunctus
903 1287 932 1336 et

78 1357 266 1412 aniliaritatc
277 1362 306 1413 et
317 1357 519 1413 necessitudine
530 1357 675 1426 legationis
687 1361 768 1412 esset.

131 1439 172 1487 51.
209 1434 350 1504 Exceptus
373 1437 416 1488 est
441 1434 565 1487 Caesaris
589 1434 724 1501 adventus
747 1433 783 1487 ab
807 1434 931 1488 omnibus

78 1509 231 1579 municipiis
249 1514 278 1565 et
289 1510 401 1565 coloniis
421 1509 578 1564 incredibili
598 1510 702 1564 honore
721 1513 806 1578 atque
823 1527 931 1576 amore,

78 1587 139 1638 tum
162 1586 281 1654 primum
301 1587 373 1641 enim
393 1586 521 1640 veniebat
540 1585 575 1640 ab
595 1586 642 1640 illo
663 1586 806 1640 universae
825 1586 931 1641 Galliae

77 1660 157 1715 bello.
193 1662 270 1716 Nihil
281 1663 487 1731 relinquebatur
498 1664 574 1733 quod
590 1663 626 1717 ad
640 1665 767 1716 ornatum
781 1666 930 1730 portarum,

77 1737 216 1805 itinerum,
240 1739 361 1793 locorum
389 1739 517 1807 omnium,
541 1747 602 1808 qua‘
623 1740 724 1794 (laesar
749 1738 839 1792 iturus
862 1743 929 1804 erat,

78 1813 229 1881 excogitari
253 1818 355 1884 posset.
391 1814 460 1869 Cum
480 1815 574 1870 liberis
599 1814 686 1868 omnis
709 1814 859 1869 multitude
883 1814 930 1868 ob

78 1889 150 1942 viam
161 1890 344 1959 procedebat3
366 1891 473 1945 hostiae
489 1891 614 1945 omnibus
626 1891 692 1952 locis
703 1890 929 1955 immolabantur;

78 1965 205 2020 tricliniis
228 1967 323 2020 stratis
345 1968 405 2022 fora
428 1967 586 2036 templaque
609 1966 812 2034 occupabantur
832 1970 865 2020 ut
885 1967 929 2020 vel

78 2042 306 2110 exspectatissimi
318 2043 450 2112 triumphi
461 2043 568 2097 laetitia
579 2042 700 2112 praecipi
711 2045 812 2111 posset.
842 2043 929 2097 Tanta

77 2122 139 2172 erat
162 2117 364 2186 magnificentia
386 2118 462 2187 apud
485 2118 676 2188 opulentiores,
694 2117 832 2188 cupiditas
854 2119 928 2188 apud

77 2193 240 2247 humiliores.
392 2245 397 2256 ,

129 2277 169 2323 52.
207 2270 297 2334 Quum
315 2286 409 2324 omnes
425 2270 552 2339 regiones
568 2264 673 2325 Galliae
690 2271 810 2338 Togatae
826 2270 928 2324 Caesar

76 2346 300 2414 percucmrissct,
324 2363 429 2400 summa
456 2363 518 2400 cum
543 2345 684 2399 celeritate
711 2346 748 2398 ad
776 2345 928 2399 exercitum

52 2436 55 2443 ’
77 2421 310 2476 Nemetocennam
333 2422 418 2476 rediit
425 2441 432 2487 ;
454 2421 662 2490 legionibusque
685 2436 721 2474 ex
744 2421 869 2473 omnibus
887 2421 928 2473 hi-

77 2496 170 2550 bernis
189 2497 225 2550 ad
244 2498 312 2550 lines
331 2497 504 2550 Trevirorum
524 2496 643 2550 evocatis
666 2511 698 2549 eo
722 2494 861 2563 profectus
885 2499 928 2549 est

76 2571 169 2639 ibique
182 2573 332 2625 exercitum
344 2572 479 2626 lustravit.
516 2572 545 2626 T.
557 2570 709 2625 Labienum
724 2569 830 2624 Galliae
842 2570 927 2638 'loga-

77 2650 123 2700 tae
140 2647 349 2714 praefecitque
366 2647 471 2715 majore
489 2645 724 2702 commendatione
737 2645 928 2699 conciliaretur

76 2723 112 2775 ad
125 2722 280 2775 consulatus
291 2723 462 2790 petitionem.
500 2723 565 2791 Ipse
576 2724 684 2776 tantum
698 2720 828 2776 itinerum
845 2720 927 2775 lacio-

76 2797 125 2852 bat
137 2802 268 2866 quantum
280 2799 348 2853 satis
360 2815 420 2852 esse
432 2799 469 2852 ad
483 2799 662 2853 mutationem
681 2797 801 2852 locorum
812 2802 927 2866 propter

76 2874 266 2929 salubritatem
278 2874 460 2930 existimabat.
498 2874 542 2928 Ibi
559 2890 723 2943 quamquam
738 2872 836 2927 crebro
852 2874 926 2926 audl-

75 2950 142 3004 ebat
162 2950 312 3005 Labienum
330 2950 365 3006 ab
384 2951 500 3006 inimicis
522 2950 579 3004 suis
603 2950 751 3017 sollicitari,
771 2949 928 3014 certiorque

75 3026 160 3082 fiebat
177 3027 207 3082 id
224 3028 269 3097 agi
285 3045 436 3098 paucorum
449 3027 572 3085 consiliis
583 3023 957 3091 utinteuqosuasesam

68 3104 238 3161 auctoritate
261 3106 358 3181 aliqua
381 3112 469 3182 parte
492 3106 645 3164 exereitus
666 3087 971 3194 spoliassemus&

58 3194 155 3252 neque
180 3183 217 3240 dc
243 3185 377 3248 Labieno
404 3189 539 3250 eredidit
565 3182 754 3257 utillum-¹⁰²
769 3171 880 3222 ΜΨ
