2018 3396
330 148 349 183 o
373 133 498 183 mma
518 133 569 183 VI.
878 141 924 186 105

81 219 142 272 erat
159 219 254 287 altera,
273 215 348 287 quod
364 216 465 269 auxilia
482 219 578 271 contra
595 233 625 272 se
643 216 762 272 Treviris
779 217 926 282 miserant;

81 293 176 360 altera,
195 312 230 348 ne
251 295 287 347 ad
312 308 358 346 eos
378 290 522 345 Ambiorix
547 296 689 361 recepturi
712 294 833 347 haberet.
872 294 925 348 His

81 371 237 424 constitutis
258 369 340 423 rebus
359 367 480 436 paullum
500 384 582 436 supra
601 385 664 422 eum
682 370 770 423 locum
784 386 838 437 quo
861 374 926 424 ante

81 447 231 499 exercitum
244 445 440 499 transduxerat
455 443 546 497 faeere
562 449 674 513 pontem
690 445 816 499 instituit.
852 445 878 499 N
880 451 926 499 ota

81 524 165 589 atque
184 523 312 576 instituta
330 521 436 573 rationo
456 535 554 584 magno
578 521 695 574 militum
718 521 809 575 studio
833 523 926 590 paucis

82 597 178 650 diebus
201 615 269 666 opus
291 597 415 650 efficitur.
453 596 544 649 Firmo
565 597 593 649 in
614 596 730 652 Treviris
754 597 790 650 ad
812 601 925 666 pontem

81 674 216 741 praesidio
231 675 333 739 relicto,
350 691 385 725 ne
401 673 462 740 quis
478 672 514 725 ab
532 672 574 724 his
589 673 680 727 subito
692 676 782 728 metus
800 674 925 740 oriretur,

10 751 12 755 ’
81 750 200 819 reliquas
224 749 315 818 copias
339 750 547 818 equitatumque
573 750 732 803 transducit.
776 749 850 817 Ubii,
879 750 925 818 qui

81 828 146 878 ante
165 825 275 879 obsides
295 825 429 878 dederant
448 828 532 892 atque
550 825 579 877 in
598 826 766 880 deditionem
787 830 925 891 venerant,

80 902 216 970 purgandi
230 903 271 955 sui
283 919 365 955 causa
377 901 412 954 ad
425 918 487 954 eum
499 901 604 968 legates
616 902 732 955 mittunt
746 903 794 970 qui
810 901 926 955 doceant

81 994 171 1046 nequo
184 995 218 1031 ex
235 995 283 1031 sua
301 978 411 1031 civitate
429 977 529 1030 auxilia
546 978 574 1029 in
593 978 719 1031 Treviros
736 978 820 1032 missa
836 993 926 1047 nequo

81 1052 117 1106 ab
129 1070 158 1106 se
170 1055 253 1107 iidem
265 1055 380 1108 laesam:
398 1056 498 1122 petunt
514 1058 598 1122 atque
615 1058 694 1108 orant
712 1057 745 1107 ut
757 1053 809 1108 sibi
823 1057 925 1123 pareat,

80 1146 117 1183 ne
127 1131 268 1183 'communi
287 1130 350 1183 odio
368 1130 565 1183 Germanorum
583 1130 743 1185 innoeentes
761 1147 811 1199 pre
830 1146 927 1184 necen-
948 1123 963 1181 .”
985 1150 990 1157 ·

81 1206 156 1259 tibus
174 1223 274 1274 peenas
290 1207 426 1275 pendant:
444 1205 467 1258 si
482 1206 598 1274 amplius
617 1206 744 1260 obsidum
765 1208 840 1274 velit,
859 1206 926 1260 dare

80 1283 249 1350 pollicentur.
288 1283 404 1350 Cognita
419 1282 520 1335 Caesar
534 1297 614 1334 causa
632 1283 756 1351 repperit
773 1282 809 1336 ab
831 1282 926 1336 Suevis

81 1358 181 1412 auxilia
205 1359 287 1413 missa
313 1376 380 1426 esse,
407 1358 542 1411 Ubiorum
571 1357 783 1411 satisfactionem
813 1357 926 1427 aceepit,

74 1430 174 1488 'aditus
186 1435 298 1505 viasque
310 1436 337 1488 in
352 1436 454 1500 Suevos
466 1433 609 1503 perquirit.
663 1455 665 1458 ⁴

137 1518 175 1565 10.
213 1512 433 1580 interim-paucis
445 1514 507 1578 post
519 1510 617 1563 diebus
629 1511 661 1565 iit
677 1510 712 1564 ab
730 1511 810 1565 Ubiis
827 1511 928 1565 certior

82 1587 185 1641 Suevos
202 1605 294 1641 omues
309 1605 392 1640 unum
407 1588 436 1639 in
452 1587 541 1639 locum
559 1589 649 1655 copias
668 1604 773 1655 cogere,
791 1593 875 1657 atque
892 1587 928 1641 iis

81 1664 236 1717 nationibus
248 1681 319 1732 quae
331 1663 381 1716 sub
394 1680 488 1716 eorum
501 1663 557 1716 sint
569 1663 683 1730 imperio
696 1664 869 1732 denunciare,
884 1663 927 1718 uti

81 1741 181 1793 auxilia
200 1735 555 1808 peditatus'equitatusquo
579 1740 698 1793 mittant.
735 1739 788 1792 His
811 1739 927 1807 cognitis

81 1816 165 1870 rebus
187 1833 246 1868 rom
270 1816 477 1869 frumentariam
506 1815 641 1884 providet,
671 1818 770 1871 castris
799 1816 927 1870 idoneum

81 1893 171 1946 iocum
183 1892 287 1960 deligit,
301 1892 380 1960 Ubiis
392 1893 511 1960 imperat
521 1895 553 1945 ut
561 1909 664 1960 ‘poeora
676 1892 813 1947 deducant
825 1910 927 1961 suaque

82 1969 173 2038 emnia
190 1985 224 2021 ex
242 1968 316 2034 agris
334 1969 362 2020 in
381 1968 480 2036 oppida
498 1968 646 2036 conferant,
666 1985 778 2037 sperans
797 1969 928 2022 barbaros

82 2050 166 2113 atquc
177 2043 318 2112 imperitos
329 2043 452 2097 homines
465 2044 557 2112 inopia
569 2044 731 2099 cibariorum
743 2045 877 2099 adductos
891 2047 927 2099 ad

82 2122 204 2189 iniquam
218 2120 358 2188 pugnandi
378 2119 562 2174 conditionem
580 2137 661 2189 pesse
679 2121 792 2176 deduci:
813 2122 928 2174 mandat

82 2202 115 2252 ut
137 2197 247 2250 crebros
271 2196 455 2264 exploratores
479 2197 508 2249 in
532 2196 634 2250 Suevos
657 2197 778 2266 mittant,
804 2213 928 2266 quaeque

83 2273 158 2343 apud
176 2289 222 2326 eos
241 2277 372 2340 gerantur
391 2277 561 2340 cognoscant.
599 2273 644 2327 Illi
665 2273 799 2343 imperata
817 2274 927 2341 faciunt,

83 2354 113 2404 et
136 2349 229 2417 paucis
250 2348 347 2402 diebus
368 2349 530 2403 intermissis
554 2349 677 2404 referunt
702 2352 805 2417 Suevos
828 2367 928 2416 omnes,

82 2428 263 2496 posteaquam
282 2424 413 2478 certiores
431 2424 521 2478 nuncii
541 2425 577 2479 do
596 2427 720 2480 exercitu
744 2427 929 2479 Romanormn

83 2501 216 2568 venerint,
240 2516 303 2554 eum
327 2499 452 2554 omnibus
470 2501 526 2554 suis
544 2501 732 2570 sociorumque
753 2502 837 2570 copiis
862 2519 929 2569 quas

83 2577 236 2645 coegissent
259 2574 371 2645 penitus
397 2576 434 2629 ad
462 2580 600 2630 extremes
628 2578 696 2630 fines
720 2595 750 2631 so
779 2577 928 2645 recepisse:

84 2655 179 2707 silvam
201 2669 261 2706 esse
279 2652 318 2707 ibi
339 2652 444 2706 infinita
463 2653 658 2722 magnitudine,
683 2670 753 2722 quae
776 2653 930 2721 appellatur

85 2729 216 2808 Bapenis3
236 2729 304 2780 hane
316 2728 396 2796 lengo
407 2728 542 2781 introrsus
559 2730 705 2798 pertinere,
724 2733 753 2783 et
770 2746 820 2798 pro
838 2730 930 2783 nativo

84 2822 163 2859 muro
186 2804 322 2872 objectam
349 2804 500 2858 Cheruscos
525 2804 560 2858 ab
586 2806 689 2874 Suavis,
711 2805 868 2874 Suevosque
894 2806 930 2859 ab

86 2881 231 2934 Cheruscis
243 2879 350 2947 injuriis
367 2879 620 2949 incursionibusque
637 2882 796 2950 prohibere:
816 2882 852 2935 ad
870 2881 931 2947 ejus

46 2952 48 2956 ⁴
86 2957 193 3011 initium
206 2956 290 3010 silvae
301 2956 403 3010 Suevos
416 2955 569 3010 adrentum
576 2957 775 3010 Romanorum
782 2956 970 3016 exspectans·

82 3033 264 3089 censt'tuisse.
985 3087 996 3106 5

81 3128 84 3132 ¹
127 3106 168 3163 ΙΙΙ
207 3112 348 3177 Quoniam
368 3116 508 3172 adhunc
527 3115 635 3170 iocum
651 3104 844 3192 peruentum
867 3090 991 3198 esta&

61 3182 186 3241 1110111111]
201 3206 268 3252 csse
282 3193 411 3253 videtur
423 3195 468 3253 de
482 3193 607 3253 <tabiae
619 3178 883 3247 (istmffiffiffi
894 3170 934 3204 m
