2018 3396
408 126 519 173 LIBER
535 126 601 173 VII.
881 124 933 174 131¹

132 212 173 261 22.
210 206 347 274 Singulari
370 206 487 260 militum
510 209 666 260 nostrornm
694 207 789 261 virtuti
819 206 931 260 consilia

80 283 213 352 cujusque
233 283 307 336 modi
327 282 467 336 Gallorum
486 284 671 349 occurrebant,
690 287 723 336 ut
742 287 785 336 est
809 300 930 336 summae

79 375 165 428 genus
178 359 315 413 sollertiae
332 362 416 426 atque
432 359 468 411 ad
485 359 576 412 omnia
592 359 726 412 imitanda
742 363 771 413 et
789 359 931 412 efficienda

80 452 151 504 quae
163 434 199 488 ab
211 450 320 503 quoque
331 433 479 488 tradantur
489 435 668 503 aptissimum.
701 435 773 489 Nam
785 438 815 489 et
825 434 930 502 laqueis

79 511 163 566 falces
184 511 353 576 avertebant,
373 527 440 578 quas
458 527 543 578 quum
561 510 767 565 destinaverant
784 511 931 565 tormentis

79 589 216 642 introrsus
239 586 424 651 reducebant3
448 590 477 640 et
493 603 620 654 aggerem
640 587 769 641 cuniculis
788 586 931 641 subtrahe-

79 663 154 729 bant,
167 679 199 717 eo
212 663 341 717 scientius
356 663 430 731 quod
447 663 520 730 apud
532 680 579 716 eos
590 680 705 731 magnae
717 665 781 717 sunt
792 663 931 730 ferrariae,

80 744 166 809 atque
184 756 265 793 omne
279 755 365 806 genus
379 738 565 792 cuniculorum
582 734 678 794 notum
697 743 781 807 atque
798 739 930 792 usitatum

80 821 131 869 est.
167 816 265 870 Totum
277 819 370 868 autem
382 832 489 868 murum
502 832 536 868 ex
549 817 622 868 omni
638 822 718 884 parte
732 815 854 869 truribus
868 831 930 867 con-

79 892 271 945 tabulaverant
283 895 366 960 atque
378 891 427 944 has
440 891 519 944 coriis
537 892 700 946 inlexerant.
737 893 806 944 'lum
825 890 930 944 crebris

80 968 186 1022 diurnis
198 968 393 1036 nocturnisque
405 968 593 1036 eruptionibus
605 972 653 1022 aut
669 969 764 1036 aggeri
780 968 874 1035 ignem
890 967 931 1019 in-

80 1045 212 1113 ferebant,
227 1048 274 1098 aut
289 1045 390 1098 milites
408 1047 553 1112 occupatos
571 1044 599 1096 in
618 1061 701 1112 opere
721 1044 930 1109 adoriebantur,

81 1124 110 1174 et
116 1124 271 1174 nostrarum
282 1121 400 1174 turrium
410 1119 590 1186 altitudinem,
604 1124 736 1187 quantum
749 1120 798 1173 has
811 1120 930 1188 quotidi-

80 1213 149 1252 anus
161 1213 244 1266 agger
253 1199 435 1265 expresserat,
445 1195 595 1248 commissis
604 1212 713 1248 suarum
723 1196 841 1249 turrium
851 1196 929 1249 malis

81 1272 286 1341 adaequabant3
299 1276 327 1327 et
336 1275 446 1340 apertos
454 1271 592 1325 cuniculos
601 1275 729 1339 praeusta
739 1275 769 1325 et
780 1277 929 1340 praeacuta

81 1349 196 1402 materia
218 1352 246 1402 ct
269 1349 330 1417 pice
349 1347 496 1401 fervefacta
519 1351 549 1400 ct
571 1347 682 1400 maximi
705 1346 833 1416 ponderis
858 1348 929 1400 saxis

80 1425 258 1480 irrorabantur
269 1408 465 1491 moeninusque
477 1423 694 1491 appropinquare
705 1422 893 1491 prohibebant.

134 1506 176 1555 23.
211 1501 298 1554 Muris
310 1504 402 1553 autem
414 1499 540 1553 omnibus
554 1499 665 1553 Gallicis
682 1499 749 1554 haec
767 1501 824 1554 fere
841 1502 929 1555 forma

80 1579 132 1631 est
169 1577 271 1630 Trabes
284 1577 413 1643 directae,
426 1579 576 1643 perpetuae
591 1576 620 1628 in
636 1576 841 1643 longitudinem,
859 1577 930 1645 pari-

80 1652 132 1708 bus
146 1652 303 1719 intervallis,
322 1652 457 1706 distantes
476 1651 549 1706 iuter
566 1669 595 1705 se
614 1651 692 1704 binos
711 1653 803 1721 pedes,
821 1653 850 1705 iu
871 1653 929 1706 solo

81 1729 260 1803 collocantur:
275 1728 325 1782 hae
337 1727 523 1781 revinciuntur
534 1727 668 1780 introrsus
681 1731 710 1781 et
724 1728 810 1781 multo
828 1745 928 1796 aggere

80 1805 243 1858 vestiuntur.
273 1805 413 1858 Eaautem
423 1820 494 1872 quae
503 1803 621 1856 diximus
630 1804 773 1857 intervalla
781 1804 929 1871 grandibus

80 1880 109 1934 in
121 1880 211 1935 fronte
223 1881 295 1933 saxis
308 1878 490 1948 offarciuntur.
524 1876 579 1932 His
593 1879 731 1933 collocatis
745 1884 773 1934 et
789 1896 930 1948 coagmen-

81 1956 148 2010 tatis
164 1956 235 2009 alius
250 1955 362 2024 insuper
377 1954 450 2008 'ordo
469 1954 604 2023 adjicitur,
622 1958 654 2009 ut
670 1955 744 2010 idem
761 1956 829 2009 illud
846 1956 930 2010 iuter-

81 2032 181 2085 vallum
196 2034 321 2085 servetur
338 2047 427 2098 neque
444 2031 518 2085 inter
536 2047 565 2084 se
582 2032 742 2099 contingant
759 2033 861 2098 trabes,
880 2033 929 2086 sed

81 2107 192 2177 paribus
211 2107 382 2161 intermissae
393 2106 489 2176 spatiis
502 2107 622 2174 singulae
635 2107 747 2175 singulis
760 2109 832 2162 saxis
843 2110 928 2162 inter·-

76 2183 161 2252 jeetis
181 2186 242 2237 arte
261 2183 459 2236 contineantur.
483 2183 527 2236 Sic
544 2183 680 2251 deinceps,
691 2200 770 2237 omne
788 2201 856 2253 opus
870 2202 930 2238 con-

80 2260 192 2326 texitur,
205 2259 271 2313 dum
283 2257 362 2326 justa
374 2258 445 2310 muri
459 2257 577 2311 altitudo
589 2260 740 2327 expleatur.
770 2261 830 2313 Hoc
845 2278 928 2329 quum

80 2335 109 2387 in
121 2336 238 2404 speciem
250 2335 467 2402 varietatemque
482 2350 549 2402 opus
562 2334 685 2389 deforme
696 2352 750 2388 non
762 2338 806 2389 est
817 2336 929 2389 alternis

81 2411 206 2464 trabibus
218 2427 250 2464 ac
262 2414 420 2478 saxis,quae
432 2410 514 2463 rectis
522 2410 602 2464 lineis
614 2427 676 2463 suos
689 2411 798 2464 ordines
811 2419 928 2478 servant,

81 2490 141 2540 tum
152 2486 188 2538 ad
197 2486 346 2541 utilitatem
354 2491 383 2540 et
392 2485 576 2540 defensionem
586 2487 695 2540 urbium
705 2504 837 2540 summam
845 2487 930 2542 habet

81 2561 329 2628 opportunitatem
355 2562 429 2630 quod
441 2566 471 2616 et
482 2561 517 2614 ab
529 2562 653 2615 incendio
665 2563 735 2631 lapis
753 2567 782 2616 ot
795 2563 830 2615 ab
842 2563 930 2617 ariete

80 2637 196 2689 materia
208 2636 338 2706 defendit,
353 2654 424 2706 quae
442 2638 582 2706 perpetuis
599 2638 724 2691 trabibus
741 2639 826 2706 pedes
845 2639 930 2707 quad·

80 2727 197 2778 rageuos
212 2712 372 2782 plerumque
390 2713 524 2766 introrsus
542 2714 665 2767 revincta
682 2731 771 2783 neque
788 2715 930 2784 perrumpi

80 2804 170 2856 neque
183 2787 297 2841 distrahi
308 2793 408 2857 potest.
937 2806 939 2810 ⁴

132 2869 173 2918 24.
201 2864 254 2917 His
272 2867 315 2919 tot
337 2865 421 2920 rebus
438 2867 572 2935 impedita
596 2866 796 2934 oppugnatione
819 2866 929 2934 milites,

80 2958 164 3011 quum
177 2944 237 2995 toto
249 2945 374 3010 tempore
392 2941 479 3012 [luto]
491 2943 593 3010 frigore
611 2945 641 2995 et
661 2941 782 2994 assiduis
796 2941 944 2992 inrbr'mus

80 3019 263 3090 tardarentur,
272 3023 363 3074 tamen
376 3020 532 3076 continenti
541 3019 643 3074 labore
654 3018 755 3072 omnia
763 3017 847 3068 naec
861 3023 969 3070 senat·

71 3099 187 3149 averunt
205 3100 236 3152 ct
256 3097 355 3153 diebus
378 3114 438 3155 xxv
460 3116 612 3170 aggerem,
624 3097 728 3152 latum
742 3090 847 3175 pede}
863 3082 1001 3132 mmm

58 3167 147 3223 altum
175 3175 267 3240 podes
298 3191 382 3232 nxxx
413 3180 651 3236 exstruxerunt.
688 3171 801 3236 Qum
825 3175 861 3213 γὸ
888 3165 929 3200 m
