2018 3396
92 118 139 167 104
150 161 162 181 ,
361 116 390 165 C.
407 111 454 164 ,ΠΙ
458 115 509 163 LII
526 113 698 162 clusinis
732 166 736 175 ¹

97 197 208 253 Gallicis
223 196 307 252 rebus
324 196 417 251 favere
433 199 532 248 natura
546 194 666 261 cogebat.
704 193 843 248 Labienus
860 198 948 249 noctu

96 275 216 329 tribunis
235 272 354 325 militum
373 271 525 340 primisque
544 269 687 323 ordinibus
708 270 863 324 conuocatis
876 271 948 339 quid

97 352 139 404 sui
152 350 188 404 sit
200 348 303 408 consilii
314 347 450 416 proponit,
463 350 493 400 et
507 363 561 414 quo
579 345 684 398 facilius
697 345 823 400 hostibus
837 345 948 401 timoris

97 428 146 482 det
167 424 353 494 suspicionem,
377 423 482 491 majore
506 422 623 490 strepitu
654 425 683 476 et
711 423 833 476 tumultu
860 440 948 492 quam

86 494 190 572 ¹populi
215 501 331 555 Romani
354 500 411 553 fert
432 497 600 553 consuetudo
621 502 712 551 castra
732 498 836 552 moveri
853 498 947 566 jubet.

99 580 152 632 His
170 577 254 631 rebus
273 577 355 643 fugae
378 575 494 628 similem
513 574 709 642 profectionem
730 574 828 628 offecit.
866 574 949 628 Haec

97 670 208 724 quoque
224 670 275 721 per
293 651 482 719 exploratores
500 653 565 703 ante
582 649 672 702 lucem
690 650 718 702 in
737 654 815 704 tauta
833 651 949 719 propin-

31 758 39 771 ·
98 731 206 798 quitate
219 731 372 782 castrorum
385 727 421 780 ad
433 726 528 780 hostes
540 725 711 780 deseruntur.

149 812 173 860 8.
209 805 265 857 Vix
281 819 378 870 agmen
399 803 575 877 novissimum
596 805 675 856 extra
696 803 862 862 munitiones
882 820 949 872 pra

97 874 224 949 cesserat,
249 896 334 948 quum
357 878 428 933 Galli
452 878 586 932 cohortati
605 879 679 933 iuter
698 896 727 934 sc
745 879 769 931 N
773 897 788 931 c
807 884 948 948 speratam

97 959 227 1027 praedam
244 973 278 1009 ex
292 955 417 1008 manibus
434 955 614 1021 dimitterent,
635 955 745 1030 longum
763 972 824 1009 osse
839 959 949 1024 perter-

98 1035 158 1087 ritis
172 1032 301 1086 Romanis
314 1031 512 1085 Germanorum
525 1031 655 1083 auxilimn
672 1035 839 1100 exspectare,
853 1048 948 1101 neque

98 1127 175 1162 suam
193 1109 251 1178 pati
273 1108 438 1175 dignitatem
462 1109 494 1159 ut
518 1107 603 1160 tantis
627 1108 712 1176 copiis
735 1112 793 1162 tam
817 1109 947 1176 exiguam

98 1202 215 1248 manum,
228 1184 390 1253 pracsertim
402 1184 554 1251 fugientem
567 1187 650 1252 atque
663 1184 832 1253 impeditam,
843 1179 947 1239 adoriri

97 1279 151 1315 non
165 1262 293 1326 audeant,
309 1260 410 1312 llumcn
427 1260 545 1313 transire
561 1262 590 1312 ct
604 1260 698 1328 iniquo
714 1261 771 1314 loeo
789 1260 948 1331 [proelium]

98 1339 269 1392 committere
276 1353 333 1389 -uon
346 1335 482 1389 dubitant,
519 1337 596 1400 Quae
613 1335 672 1390 fore
691 1353 737 1389 sus
757 1337 844 1389 leatus
863 1337 949 1391 Labi-v

99 1431 173 1480 enuS,
187 1419 218 1467 nt
230 1429 323 1466 omncs
335 1412 405 1466 citra
416 1412 518 1464 ssumcn
535 1412 648 1465 eliceret
663 1355 760 1466 ended
778 1430 843 1466 usus
863 1413 948 1468 simu-

98 1492 198 1545 latione
210 1490 323 1554 itineris,
333 1488 440 1557 placide
448 1486 690 1556 progrediebatur:
709 1490 777 1542 Tum
788 1491 948 1558 praemissis

98 1567 218 1634 paullum
237 1565 441 1632 impedimentis
456 1569 540 1632 atque
557 1565 584 1616 in
599 1565 705 1617 tumulo
724 1565 842 1632 quodam
862 1565 948 1620 collo-

81 1694 85 1702 ,
98 1643 173 1709 eatis,
186 1641 312 1707 Habetis,
324 1641 422 1709 inquit,
436 1641 544 1707 milites,
558 1656 639 1708 quam
650 1641 760 1709 petistis
769 1641 947 1716 facultatem:

98 1720 205 1772 hostem
224 1718 356 1786 impedito
376 1720 460 1786 atque
480 1717 573 1784 iniquo
593 1716 652 1770 loco
671 1718 784 1771 tenetis:
804 1721 948 1786 praestato

99 1795 213 1847 eandem
226 1793 303 1853 nobis
316 1792 431 1846 ducibus
446 1793 578 1846 virtutem
594 1809 676 1860 quam
690 1809 884 1860 saepenumero
897 1795 949 1849 im-

98 1870 219 1939 peratori
232 1869 421 1937 praestitistis:
434 1870 532 1923 adesso
542 1886 604 1923 eum
614 1877 643 1922 et
652 1869 719 1922 haec
728 1886 818 1923 eoram
834 1887 948 1926 cernere

99 1947 262 1999 existimate.
299 1943 385 1998 Simul
398 1946 475 2013 signa
489 1945 526 1998 ad
539 1945 647 1999 hostem
666 1946 787 2006 conuerti
805 1946 949 2015 aciemque

100 2022 180 2089 dirigi
196 2022 286 2089 jubet,
297 2027 326 2075 et
338 2022 431 2090 paucis
444 2022 542 2075 turmis
554 2022 691 2090 praesidio
702 2023 739 2074 ad
750 2022 949 2090 impedimenta

99 2098 218 2152 dimissis
229 2098 348 2166 reliquos
364 2098 471 2165 equites
490 2098 525 2150 ad
543 2097 630 2152 latera
649 2094 774 2167 disponit.
812 2098 949 2154 Celeriter

99 2174 186 2228 nostri
202 2175 318 2226 elamore
337 2173 445 2227 sublato
463 2173 518 2241 pila
535 2174 564 2226 in
581 2173 675 2228 hostes
698 2175 858 2228 immittunt.
901 2176 948 2229 Illi

98 2250 146 2304 ubi
157 2253 268 2318 praeter
281 2266 356 2318 spem
369 2266 437 2318 quos
453 2250 549 2318 fugere
566 2250 715 2304 credebant
732 2250 839 2304 infestis
863 2250 949 2318 signis

99 2327 135 2380 ad
148 2343 177 2380 so
190 2326 231 2379 ire
247 2325 383 2392 viderunt,
395 2325 527 2393 impetum
540 2325 621 2379 modo
633 2326 707 2380 forro
719 2343 771 2379 non
788 2329 948 2394 potuerunt,

99 2419 131 2456 ac
149 2402 236 2470 primo
257 2418 390 2455 concursu
408 2400 436 2453 in
455 2401 547 2468 fugam
567 2402 682 2470 conjecti
703 2403 840 2471 proximas
879 2405 949 2458 uvas

76 2513 78 2517 v
99 2479 252 2548 petierunt:
273 2493 341 2546 quos
357 2476 493 2530 Labienus
513 2478 639 2546 equitatu
657 2482 836 2546 consectatus,
849 2421 949 2540 rdinum

99 2572 213 2608 numero
231 2553 383 2621 interfecto,
396 2553 581 2622 compluribus
595 2556 689 2622 captis,
702 2556 796 2623 paucis
811 2560 876 2624 post
890 2556 949 2610 die-

100 2631 303 2685 buscivitatcm
315 2629 433 2697 recepit3
451 2645 513 2683 nam
530 2629 660 2684 Germani
677 2631 725 2700 qui
741 2633 841 2685 auxilio
857 2633 948 2685 venie-

99 2706 174 2773 bant,
192 2708 324 2775 pcrcepta
341 2705 513 2759 Trevirorun
527 2705 601 2773 fuga,
617 2723 676 2760 sese
697 2707 809 2760 domum
826 2708 949 2762 contule-

100 2786 172 2836 runt.
211 2783 280 2836 Oum
295 2781 338 2834 his
352 2779 500 2850 propinqui
514 2779 707 2848 induciomari,
724 2783 771 2851 qni
787 2783 954 2843 defectionis,

100 2861 227 2912 auctores
243 2857 361 2921 strarant,
374 2855 498 2910 comitati
514 2871 561 2908 eos
580 2873 614 2910 ex
632 2858 744 2912 civitate
764 2864 948 2914 excesserunt.

102 2933 276 3001 Cingetorigi,
298 2949 379 3000 quem
399 2931 434 2984 ab
457 2930 534 2984 initio
553 2935 732 2999 permansisse
751 2936 779 2988 in
796 2936 882 2990 officio
900 2937 949 2990 de

87 3011 215 3060 monstra
219 3009 311 3072 rimus,
320 3008 497 3080 principatus
509 3009 594 3076 atque
601 3008 752 3077 imperium
757 3015 802 3062 ost
810 3012 956 3062 traditum.

53 3080 55 3085 '
126 3087 152 3133 9.
192 3083 303 3140 Caesar
310 3090 472 3158 postquam
487 3103 522 3140 ex
535 3084 682 3155 Menapiis
691 3085 726 3138 ‘m
736 3083 872 3136 'lrouiros
885 3081 977 3142 reiut,

53 3145 173 3207 ’ΝΜ
187 3157 229 3215 de
240 3164 343 3221 wis
361 3165 508 3223 Rhenum
521 3163 657 3220 transire
677 3156 848 3217 constituit:
869 3163 991 3215 quartus
