2018 3396
76 119 124 168 148
336 118 365 167 C.
383 115 486 165 JULII
502 112 681 162 CAESAR&

74 197 156 266 louge
173 197 248 250 aliud
266 197 319 250 sibi
333 195 495 265 capiendum
514 193 656 248 consilium
673 195 758 261 atque
775 196 859 246 antea
874 208 935 246 sen-

75 277 150 328 serat
179 273 359 341 intelligebat,
387 289 477 340 neque
501 270 561 339 jam
590 273 623 323 ut
647 269 751 338 aliquid
776 269 934 338 acquireret

74 350 233 418 proelioque
251 349 344 402 hostes
360 349 517 415 lacesseret,
536 346 587 400 sed
602 349 634 400 ιιι
650 346 814 399 ineolumem
831 347 935 400 exerci-

75 432 135 479 tum
152 425 325 493 Ageudieum
344 425 499 492 reduceret,
515 422 662 491 cogitabat.
697 421 826 490 Namque
844 422 935 476 altera

75 518 111 554 ex
134 496 214 569 parte
238 501 383 566 Bellovaci,
398 517 478 630 tquae
502 501 597 554 civitas
620 499 649 552 in
674 498 763 552 Gallia
785 499 933 552 maximam

75 576 160 630 habet
181 577 336 645 opinionem
355 577 429 630 virtu
411 577 473 644 utis,
430 576 648 641 tinstabant3
671 575 711 629 alt
699 578 787 628 teram
806 574 933 629 Camulo-

74 669 162 720 genus
186 657 282 721 parato
306 651 419 721 atque
410 669 452 705 ms
455 657 546 707 ttrucc
566 653 671 706 exercit
672 669 691 705 u
659 650 844 717 t3tenebat
871 654 933 706 tum

75 729 196 796 legiones
220 746 237 781 a
258 728 397 797 praesidio
424 732 454 782 at
455 746 509 797 que
537 720 741 796 impedimentis
768 727 933 782 interclusas

77 823 100 855 ιιι
104 822 223 857 immuni
243 804 344 858 flumen
365 804 523 858 distinebat
559 804 636 857 'lanf
617 808 652 857 ιιι
674 803 766 857 subito
786 801 932 857 difficulta-

76 881 149 933 tibus
177 880 293 949 objectis
321 880 357 934 ab
380 879 464 933 animi
492 881 564 934 virtu
566 883 594 933 tc
622 879 751 933 auxilium
778 879 932 948 petendum

78 956 196 1010 videbat.

128 1038 168 1086 60.
205 1031 305 1099 Itaque
322 1031 373 1085 sub
390 1047 535 1100 vesperum
550 1031 660 1084 consilio
676 1033 823 1084 convocato
837 1031 933 1085 cohor-

75 1111 151 1162 tatus
174 1111 207 1162 ut
230 1124 263 1162 ea
286 1125 356 1175 quae
380 1108 542 1176 imperasset
570 1106 716 1174 diligenter
739 1106 931 1176 industrieque

75 1185 306 1251 administrarent,
331 1201 413 1238 naves
437 1201 506 1253 quas
529 1181 569 1254 [a]
598 1183 746 1237 Mcloduno
774 1182 931 1238 deduxerat

75 1261 196 1329 singulas
208 1261 286 1330 equit
274 1261 348 1314 tibus
365 1260 495 1314 Romanis
512 1259 647 1325 attribuit,
628 1263 690 1313 tet
703 1259 791 1328 prima
806 1259 931 1314 confecta

75 1337 167 1405 vigilia
184 1353 223 1391 ιι
233 1354 270 1390 ιιι·
264 1337 308 1390 'lia
326 1353 456 1406 passuum
474 1335 592 1390 secundo
611 1335 722 1388 flumine
740 1334 849 1389 silentio
867 1352 931 1404 pro-

74 1414 154 1480 gredi
173 1413 268 1502 ibique
292 1429 322 1466 se
346 1415 457 1490 exspect
458 1412 500 1464 ari
519 1411 608 1479 jubet.
646 1410 772 1480 Quinque
795 1411 930 1481 cohortes,

75 1506 143 1558 quas
162 1489 273 1542 minime
292 1489 386 1541 firmas
405 1478 442 1541 ad
461 1488 646 1541 dimicandum
665 1504 726 1542 esso
745 1486 817 1542 crist
805 1487 930 1556 tirnabat,

76 1569 134 1619 cast
135 1566 173 1618 ris
184 1564 321 1634 praesidio
339 1564 483 1633 relinquit:
502 1579 520 1618 v
538 1563 662 1632 ejusdem
677 1563 792 1631 legionis
807 1529 930 1632 reliquasi

76 1641 110 1694 de
134 1641 225 1695 media
248 1644 329 1713 uocte
353 1658 415 1694 cum
440 1639 562 1694 omnibus
586 1640 773 1709 impediment
766 1656 789 1692 ιι
753 1640 931 1694 tadrcrso

70 1719 186 1772 'flumine
204 1735 304 1786 magno
322 1720 443 1773 tumultu
466 1719 603 1787 proficisci
623 1720 748 1789 imperat
785 1719 931 1789 Conquirit

75 1796 158 1848 etiam
176 1796 287 1850 lintres:
311 1794 361 1848 has
377 1812 476 1863 magno
495 1796 586 1849 sonitu
603 1812 741 1849 remorum
757 1795 885 1849 incitatas
900 1796 930 1851 in

52 1920 55 1924 ,
74 1871 189 1925 eandem
201 1874 309 1939 partem
322 1871 416 1925 mittit.
453 1871 517 1939 lpse
529 1876 592 1939 post
604 1871 695 1940 paullo
711 1870 820 1924 silentio
837 1888 930 1939 egres-

75 1964 120 2000 sus
138 1964 199 2000 cum
217 1946 306 2000 tribus
320 1946 473 2015 legionibus
494 1963 557 2001 cum
577 1948 666 2001 locum
683 1947 755 2021 petit
774 1965 828 2016 quo
845 1964 930 2001 naves

74 2023 174 2092 appelli
182 2023 313 2090 jusserat.

127 2105 166 2153 61.
204 2099 244 2152 Ilo
265 2115 349 2166 quum
368 2103 441 2153 esset
457 2102 577 2167 ventum,
596 2097 783 2168 exploratores
800 2099 929 2167 hostium,

73 2179 106 2229 ut
133 2173 207 2227 ornni
231 2173 349 2228 fluminis
375 2178 456 2242 parte
482 2181 562 2230 erant
589 2176 723 2244 dispositi,
747 2177 929 2245 inopinantes,

74 2250 149 2320 quod
170 2267 269 2318 magna
289 2250 379 2313 subito
399 2253 461 2305 crat
481 2255 576 2305 coorta
594 2255 753 2320 tempestas,
772 2251 807 2305 ab
826 2253 929 2306 nostris

74 2327 278 2394 opprimuntur:
298 2327 438 2380 exereitus
453 2326 655 2397 equitatusque,
673 2328 811 2397 equitibus
828 2327 929 2382 Rorna-

73 2403 116 2456 uis
129 2401 383 2456 administrantibus
400 2419 467 2473 quos
484 2404 510 2456 ei
526 2405 636 2472 negotio
654 2405 830 2474 praefecerat,
843 2404 929 2458 celer-

73 2480 129 2532 iter
140 2478 345 2533 transmittitur
384 2479 444 2532 Uno
456 2480 514 2534 fere
526 2483 650 2549 tempore
672 2481 722 2534 sub
738 2480 828 2534 lucem
844 2480 929 2534 hosti
909 2480 915 2493 ’

73 2554 125 2608 bus
139 2555 306 2608 nunciatur'
299 2573 327 2609 ιιι
342 2556 440 2609 eastris
458 2556 642 2610 Rornanorum
658 2561 769 2647 praeter
786 2561 928 2611 consuetu·

74 2630 166 2684 dinem
178 2631 341 2685 tumultuari
353 2639 382 2686 ιι
394 2650 521 2701 magnum
531 2635 570 2686 ιιι
578 2652 613 2700 ag
614 2636 675 2687 ιιιιιι
686 2634 800 2688 aduerso
809 2635 927 2702 flumine,

74 2708 247 2777 sonitumque
259 2699 397 2764 remorum
415 2711 443 2763 in
456 2710 552 2763 eadem
566 2715 629 2779 part
630 2728 645 2764 o
617 2711 782 2765 texaudiri
795 2713 824 2765 ot
835 2711 928 2780 paullo

39 2790 45 2859 ι
72 2781 147 2836 infra
161 2783 232 2838 milit
220 2788 262 2838 tos
278 2787 392 2840 navibus
407 2790 548 2857 tntrnspor
549 2788 596 2841 ari.
633 2787 737 2852 Quibus
751 2787 834 2841 rebus
850 2786 928 2841 audi·

72 2857 117 2926 ιιι,
143 2860 217 2928 quod
241 2861 435 2917 existimabant
460 2863 548 2917 tribus
573 2863 640 2918 locis
664 2865 783 2918 transire
806 2864 927 2931 legiones

72 2936 159 3002 atque
177 2952 271 2991 omnes
288 2942 352 3007 pert
340 2939 433 2993 turbat
422 2943 465 2993 tos
484 2939 636 2994 defectione
657 2942 818 2994 Aeduorum
833 2941 926 3008 fugam

50 3020 163 3078 parare,
176 3028 245 3067 suas
256 3033 369 3086 quoquc
385 3017 479 3110 copias
493 3016 522 3072 in
537 3019 597 3072 tres
609 3020 706 3088 partes
722 3017 929 3071 distribuerunt

39 3073 118 3132 Nem
137 3091 291 3152 Praesidio
312 3113 328 3151 e
349 3099 473 3169 regione
493 3100 656 3154 castrorum
677 3095 788 3161 relicto,
807 3095 838 3145 et
857 3109 949 3158 parua.

39 3160 114 3209 nanu
124 3159 333 3230 Metiosedum
350 3193 458 3235 versus
476 3179 571 3236 missa
572 3189 671 3250 ,quae
684 3173 804 3228 tantm
812 3165 963 3237 smmi
