2018 3396
387 116 499 166 LIBER
516 117 599 168 VIII.
873 125 919 178 171

65 199 148 267 fugae
171 214 267 252 caussa
290 196 390 251 initum
413 197 608 268 suspicaretur,
629 199 752 269 legiones
771 209 922 271 promovet,
979 238 982 242 ·

66 280 172 330 turmas
186 275 274 329 mittit
287 275 324 328 ad
338 274 553 344 insequendum:
566 276 625 344 ipso
636 279 740 332 veritus
754 279 876 346 insidias,
888 298 923 336 no

65 353 139 407 forte
150 351 180 405 in
192 352 290 405 eodem
301 351 361 405 loco
374 352 539 407 subsisteret
550 353 638 408 hostis
653 359 736 423 atque
748 355 849 411 elicere
860 374 923 411 nos
967 367 971 376 '

65 434 124 484 tros
150 429 179 483 in
207 429 298 483 locum‘
322 433 469 484 conaretur
496 431 638 499 iniqumn,
654 431 762 486 tardius
785 435 922 503 procedit.

66 507 183 576 Equites
196 523 282 576 quum
295 506 400 561 intrare
414 507 520 561 fumum
535 511 564 562 et
578 507 715 562 flammam
732 509 922 565 densissimam

65 586 204 653 timerent,
217 601 255 653 ac,
265 585 288 638 si
300 584 348 653 qui
359 583 486 653 cupidius
497 584 676 654 intraverant,
687 586 733 640 vix
746 603 857 642 suorum
868 589 922 657 ipsi

65 661 172 732 priores
191 665 287 733 partes
307 661 428 715 animum
448 660 628 718 adverterent
648 679 789 733 equorum,
807 663 923 720 insidias

64 739 146 793 veriti
158 739 273 794 liberam
284 739 443 793 facilitatem
455 740 497 793 sui
508 741 659 809 recipiendi
672 740 824 796 Bellovacis
836 741 922 796 dede-

64 819 138 870 runt.
174 817 220 871 Ita
235 817 301 886 iuga
316 816 422 871 timoris
438 816 517 870 simul
536 817 749 887 calliditatisque
765 818 848 887 plena
863 819 922 874 sine

65 891 121 946 ullo
139 887 308 966 'detrimento
326 893 401 947 milia
420 910 474 947 non
493 895 610 964 amplius
629 910 647 948 x
668 894 807 964 progressi
827 894 922 950 hostes

64 967 125 1022 loco
142 970 323 1024 munitissimo
342 978 434 1025 castra
451 975 609 1040 posuerunt.
646 971 718 1026 Inde
735 988 818 1040 quum
838 988 921 1042 saepe

64 1045 93 1098 in
105 1045 211 1101 insidiis
227 1048 335 1116 equites
353 1047 516 1115 peditesque
528 1046 714 1116 disponerent,
725 1064 826 1116 magna
838 1047 922 1103 detri-

65 1124 158 1176 menta
170 1123 301 1177 Romanis
313 1124 341 1176 in
352 1122 573 1192 pabulationibus
584 1123 746 1177 inferebant.

119 1201 159 1256 17.
195 1199 275 1264 Quod
289 1215 373 1267 quum
388 1199 510 1253 crebrius
524 1198 670 1266 accideret,
684 1214 719 1252 ox
732 1198 841 1268 captivo
856 1215 922 1268 quo·

65 1274 130 1327 dam
146 1275 280 1344 comperit
302 1274 404 1329 Caesar
425 1274 564 1343 Carreum,
586 1274 793 1328 Bellovacorum
814 1273 921 1344 ducem,

64 1349 275 1406 fortissimorum
287 1350 364 1404 milia
374 1365 404 1404 vr
416 1349 543 1419 peditum
556 1349 699 1418 delegisse,
710 1351 874 1419 equitesque
886 1369 921 1406 ex

64 1426 138 1480 omni
155 1443 269 1480 numero
283 1427 366 1495 mille,
385 1443 453 1496 quos
470 1427 499 1480 in
515 1426 623 1481 insidiis
641 1442 674 1480 eo
690 1426 750 1480 loco
767 1426 921 1497 collocaret,

65 1519 148 1571 quem
161 1503 191 1557 in
207 1504 297 1558 locum
314 1507 427 1573 propter
442 1503 548 1572 copiam
563 1502 695 1556 frumenti
709 1519 741 1556 ac
757 1501 922 1571 pabulilio·

64 1596 161 1633 manos
172 1578 356 1650 [pabulatum]
368 1580 498 1648 missuros
511 1579 703 1648 suspicaretur.
738 1578 799 1643 Quo
810 1580 921 1646 cognito

64 1656 176 1710 consilio
198 1657 299 1711 Caesar
318 1655 440 1724 legiones
459 1655 553 1724 plures
574 1671 656 1725 quam
680 1637 787 1708 solebat
811 1655 921 1723 educit;

65 1731 275 1802 equitatumque
295 1749 350 1802 qua
370 1731 567 1787 consuetudine
583 1730 792 1801 pabulatoribus
809 1732 921 1786 mittero

64 1809 203 1878 praesidio
214 1811 360 1864 consuerat
370 1809 532 1876 praemittit.
570 1807 643 1862 Iluic
656 1807 809 1876 interponit
820 1809 921 1862 auxilia

65 1886 133 1939 levis
145 1888 313 1940 armaturae:
324 1885 384 1954 ipse
395 1901 457 1940 cum
468 1883 622 1954 legionibus
634 1900 717 1953 quam
728 1887 822 1953 potost
835 1887 922 1938 maxi-

65 1978 110 2015 me
122 1961 333 2030 adpropinquat.

119 2043 158 2092 18.
196 2037 299 2092 Hostes
316 2037 344 2090 in
361 2036 468 2090 insidiis
482 2035 616 2104 dispositi,
633 2052 718 2104 quum
732 2035 786 2090 sibi
802 2035 920 2106 delegis-

65 2117 128 2168 sent
137 2131 262 2183 campum
272 2114 374 2181 adrem
384 2114 534 2182 gerendam
546 2130 600 2166 non
609 2113 726 2183 amplius
737 2117 879 2183 patentem
892 2116 920 2169 in

65 2206 159 2244 omnes
167 2195 260 2259 pantes
268 2191 393 2260 passibus
402 2190 484 2257 millo,
493 2189 567 2243 silvis
575 2188 697 2258 undique
705 2190 921 2260 impeditissimis

65 2267 114 2319 aut
136 2266 270 2322 altissimo
293 2267 403 2341 flumine
426 2266 571 2335 munitum,
594 2265 670 2321 velut
692 2266 822 2335 indagine
847 2267 920 2322 hunc

64 2341 171 2396 insidiis
198 2343 446 2397 circumdederunt.
478 2341 632 2411 'Explorato
659 2342 779 2397 hostium
809 2344 920 2398 consilio

64 2419 152 2472 nostri
166 2420 202 2473 ad
216 2419 406 2489 proeliandum
423 2417 613 2486 animosique
629 2418 713 2472 armis
726 2419 823 2487 parati,
836 2435 920 2486 quum

64 2493 294 2564 subsequentibus
305 2495 457 2562 legionibus
472 2492 575 2546 nullam
593 2493 797 2546 dimicationem
814 2509 920 2547 recusa·

64 2573 135 2636 rent,
160 2570 303 2624 turmatim
325 2571 354 2623 in
377 2585 440 2623 eum
465 2569 556 2621 locum
582 2567 761 2621 devenerunt.
797 2567 919 2632 Quorum

65 2645 187 2699 adventu
211 2661 294 2713 quum
321 2645 372 2698 sibi
397 2645 515 2698 Correus
540 2643 660 2697 oblatam
684 2643 853 2699 occasionem
879 2647 920 2700 rei

64 2720 201 2789 gerendae
223 2715 401 2788 existimaret,
419 2721 539 2790 primum
557 2737 619 2796 cum
638 2720 732 2790 paucis
750 2737 780 2774 se
797 2722 921 2777 ostendit

65 2802 149 2866 atque
166 2798 194 2850 in
210 2797 348 2866 proximas
362 2802 468 2852 turmas
484 2798 618 2866 impetum
636 2797 709 2852 fecit.
745 2797 843 2852 Nostri
860 2815 922 2852 ecn-

65 2877 172 2928 stanter
181 2875 319 2928 incursum
332 2875 468 2929 sustinent
478 2874 677 2940 insidiatorum,
686 2890 776 2942 neque
787 2875 881 2944 plures
893 2876 920 2930 in

64 2967 150 3003 unum
170 2950 260 3005 locum
281 2953 453 3018 conveniunt,
471 2950 546 3022 quod
566 2950 729 3020 plerumque
747 2951 928 3018 equestribus

65 3027 176 3096 proeliis
194 3045 278 3097 quum
299 3032 416 3102 propter
440 3029 566 3101 aliquem
586 3028 728 3083 timorem
744 3024 958 3082 mmmmm

57 3104 777 3180 nrrrltitudincipsorumdetrimentumace'xp'xtun·
899 3154 907 3164 .
970 3155 989 3187 a

102 3188 144 3237 19.
171 3185 266 3253 Quum
282 3190 439 3266 dispositis
451 3189 567 3250 turnus
576 3185 731 3243 inuicem
739 3156 978 3232 mequod&
