2018 3396
403 110 512 181 urnnu
530 133 594 183 vn.
881 134 926 184 mr

80 212 255 281 studendum,
266 216 299 268 ut
315 213 490 282 pabulatione
502 218 531 267 et
546 216 699 268 commeatu
713 208 828 266 Romani
840 213 931 281 prohi-

79 289 210 344 beantur:
228 291 260 344 id
272 306 331 344 esse
345 290 430 357 facile,
443 291 517 358 quod
530 291 654 358 equitatu
671 290 721 355 ipsi
740 289 888 356 abundent,
901 294 931 344 et

79 365 154 435 quod
172 367 235 419 anni
254 370 379 434 tempore
399 367 588 420 subleventur:
612 366 742 435 pabulum
768 367 854 419 secari
877 383 930 418 uon
977 402 979 407 .

79 458 174 509 posse3
192 443 344 496 necessario
358 442 496 510 disperses
514 443 606 496 hostes
619 459 652 495 ex
670 442 803 495 aediliciis
820 445 929 510 petere:

79 517 129 570 hos
141 534 235 571 omues
247 518 371 587 quotidie
380 517 415 571 ab
425 518 562 586 equitibus
572 518 658 572 doleri
668 535 754 587 pesse.
781 518 931 572 Praeterea

79 593 176 647 salutis
189 611 270 647 eausa
284 593 325 647 rei
342 594 484 646 familiaris
500 593 642 647 commoda
657 594 836 661 negligenda3
856 594 931 648 viere

79 674 163 736 atque
183 670 307 723 aedilicia
330 669 437 723 ineeudi
462 673 588 738 oportere
612 670 663 723 hoe
687 670 775 738 spatio
799 669 827 738 [a
850 670 930 739 Boiu]

79 761 188 813 quoquo
207 761 300 798 versus
320 762 374 813 quo
393 745 541 812 pabulandi
559 762 641 798 eausa
658 745 735 799 adire
756 763 836 813 posse
855 747 930 800 vid-

78 825 167 873 antur.
204 820 311 873 Harum
335 821 400 888 ipsis
424 838 515 874 rerum
539 822 642 889 copiam
673 826 825 891 suppetere
855 823 930 890 qurd

78 913 194 962 qnorum
207 896 235 948 in
248 896 347 949 finibus
360 896 461 949 bellum
480 900 593 964 geratur
611 914 705 950 eorum
724 897 821 966 opibus
840 898 928 951 suble-

78 978 192 1025 ventur:
213 973 349 1025 Romanos
360 976 409 1025 aut
425 973 544 1040 inopiam
562 990 616 1024 nou
635 972 745 1039 laturos
765 975 929 1041 autmugno

78 1064 141 1100 eum
164 1047 283 1116 periculo
306 1048 413 1115 lougius
433 1047 468 1100 ab
492 1049 589 1102 castis
612 1066 817 1117 progressuros:
841 1067 930 1118 nequo

68 1124 213 1183 bileresse
236 1124 344 1191 ipsosne
366 1124 532 1177 interficiant
554 1124 792 1192 impedimentisne
820 1131 929 1190 exuant,

79 1199 178 1267 quibus
205 1199 312 1252 amissis
342 1199 443 1257 bellum
473 1200 532 1267 geri
567 1216 621 1252 non
651 1202 743 1267 pessit.
781 1200 930 1252 Praeterea

78 1275 180 1344 oppida
203 1275 311 1328 incendi
335 1279 462 1343 oportere
485 1292 555 1342 quae
579 1291 632 1327 non
653 1274 803 1328 munitione
824 1278 854 1328 et
877 1274 928 1328 loci

78 1354 178 1404 nature
197 1350 232 1403 ab
251 1351 324 1404 omui
346 1350 400 1405 sint
418 1351 540 1419 periculo
564 1354 633 1417 tuta,
657 1367 711 1402 neu
735 1350 791 1407 suis
815 1350 870 1403 sint
893 1350 928 1402 ad

79 1425 289 1480 detractandam
312 1426 436 1480 militiam
454 1426 632 1493 receptacula,
651 1442 704 1477 neu
723 1425 852 1478 Romanis
869 1441 929 1492 pro·-

78 1502 168 1570 posita
191 1501 227 1554 ed
247 1502 352 1570 eopiam
376 1504 544 1554 commeatus
562 1497 747 1568 praedamque
771 1500 928 1553 tollendam.

80 1578 158 1631 Haec
170 1579 193 1631 si
205 1579 298 1646 gravia
309 1581 357 1631 eut
369 1577 466 1630 acerba
479 1576 631 1641 videantur,
650 1576 737 1628 multo
755 1576 802 1628 illa
818 1577 929 1643 gravius

76 1653 226 1707 aestimare
242 1654 351 1717 debere,
366 1652 474 1720 liberos,
492 1652 622 1719 conjuges
640 1652 668 1704 in
687 1651 847 1716 servitutem
868 1652 927 1705 abs-

79 1729 161 1795 trahi,
174 1730 248 1797 ipsos
261 1728 393 1791 interfici3
412 1745 483 1796 quae
495 1728 532 1781 sit
544 1745 653 1780 neeesse
665 1727 789 1780 accidere
801 1727 887 1780 uictis

134 1811 172 1858 15.
210 1803 339 1857 Omnium
360 1820 494 1856 consensu
514 1802 565 1856 hae
585 1810 646 1856 sent
635 1803 721 1856 tentia
740 1802 854 1870 probata
874 1820 928 1856 uno

80 1880 126 1934 die
150 1879 265 1951 amplius
288 1895 327 1932 xx
347 1879 429 1932 urbes
454 1878 611 1946 Biturigum
638 1878 786 1931 incendunt
774 1882 826 1931 t.ur
868 1879 930 1932 lloe

79 1956 154 2010 idem
175 1957 233 2009 fit'
226 1973 253 2009 m
274 1955 386 2023 reliquis
409 1954 572 2008 civitatibus.
610 1955 642 2007 In
661 1944 786 2006 omuibus
803 1958 868 2023 pert
856 1953 929 2008 tibus

80 2032 207 2086 incendia
226 2032 442 2100 eouspieiuutnr3
462 2046 531 2099 quae
553 2031 605 2084 etsi
628 2047 727 2099 magne
752 2048 813 2084 enm
836 2030 929 2084 dolore

80 2125 174 2162 omues
197 2107 331 2174 ferebant,
355 2113 446 2160 temen
471 2106 521 2160 hoe
545 2106 596 2160 sibi
620 2107 709 2160 solatii
736 2107 929 2175 proponebant,
982 2113 986 2122 “

81 2175 154 2252 quod
166 2200 196 2238 se
207 2201 293 2253 prope
306 2183 447 2251 explorata
465 2184 578 2236 victoria
597 2184 724 2237 celeriter
748 2184 846 2236 amissa
863 2183 930 2236 reei-

80 2264 224 2329 pemturos
236 2259 415 2314 confide-baut.
453 2259 629 2312 Deliberatur
641 2259 677 2313 de
691 2261 808 2313 Avarico
819 2259 846 2311 in
859 2275 930 2311 eem-

80 2336 154 2389 muui
167 2336 285 2397 coneilio,
297 2335 406 2389 incendi
414 2335 540 2404 plaeeret
552 2353 586 2388 au
596 2335 721 2390 defendi.'
745 2335 931 2388 Procumbunt

81 2412 206 2465 omuibus
226 2410 311 2464 Gallis
330 2412 366 2465 ad
384 2411 470 2480 pedes
490 2410 636 2479 Bituriges,
658 2410 700 2463 Ne
722 2410 930 2478 pulcherrimam

81 2504 166 2556 prope
189 2489 274 2542 totius
305 2487 410 2541 Galliae
438 2487 543 2555 urbem,
561 2504 647 2557 ¹<puae
677 2490 706 2540 et
734 2485 871 2553 praesidio
901 2490 931 2540 et

81 2568 240 2617 ornamento
260 2564 297 2617 sit
315 2564 428 2631 civitati,
448 2565 504 2617 suis
524 2563 650 2617 manibus
670 2561 841 2615 succendere
852 2577 930 2628 eoge-

81 2643 192 2704 reutur;
212 2640 291 2693 facile
313 2639 413 2693 soloci
434 2643 533 2694 nature
554 2640 714 2705 defensuros
735 2637 837 2702 dieunt,
857 2637 931 2703 qued

81 2731 167 2785 prope
179 2732 213 2767 ex
225 2715 351 2768 omnibus
360 2716 486 2784 partibus
496 2716 606 2769 flumine
615 2718 645 2767 et
653 2713 753 2782 palude
764 2712 932 2766 circumdata

82 2808 166 2844 unum
178 2790 279 2844 habeat
290 2795 320 2845 et
331 2796 526 2881 perangustum
539 2791 652 2844 aditum
675 2789 765 2842 Detur
773 2792 822 2855 pet
810 2788 933 2841 tentibus

82 2868 168 2934 venia
187 2867 364 2923 dissuadente
383 2869 489 2937 primo
485 2865 729 2934 Vercingetorige,
753 2868 816 2933 post
839 2880 932 2918 conee-

83 2945 150 2997 dent
138 2948 167 2997 te
184 2948 213 2998 et
229 2934 378 3012 precibus
370 2961 492 3014 1ps0rum
506 2948 537 2999 et
554 2941 751 2998 miserieurdxa
764 2940 858 3000 uxum
882 2939 952 2982 mer

81 3021 202 3074 feruores
214 3020 317 3090 oppido
329 3021 424 3078 idonei
437 3023 616 3093 deliguntur

125 3102 166 3150 16
207 3097 429 3170 Vercingetorix
451 3101 623 3157 minoribus

60 3169 255 3246 subsequitur,
270 3181 304 3237 et
317 3178 416 3238 lecum
429 3180 547 3239 eastris
561 3173 770 3246 deligitxx
