2018 3396
97 126 131 175 ta
357 129 387 178 O.
404 128 423 177 J
425 127 506 178 ULII
523 125 699 177 CAESARIS

99 227 280 269 inoverenon
297 212 415 278 possent.
451 209 528 274 Quae
553 207 665 277 quidem
689 223 735 262 res
755 207 793 262 ad
816 209 957 277 negotium

99 286 297 344 conficiendum
325 285 443 338 maxime
463 285 517 338 tuit
552 287 706 353 opportuna
713 304 721 350 ;
745 299 810 338 nam
837 285 957 353 smgulas

98 363 187 418 nostri
203 360 353 416 consectati
370 363 595 429 expugnaverunt
611 362 643 414 ιιι
658 376 812 429 perpaucae
828 378 863 415 cx
884 361 957 415 omni

98 455 211 495 numero
223 437 310 492 noctis
327 436 486 490 interventu
504 435 541 489 ad
556 439 659 490 terram
677 435 860 504 pervenerint,
872 454 957 506 quum

98 515 134 570 ab
160 515 229 568 hora
258 514 317 567 iere
347 515 446 580 quarta
472 527 559 580 usque
586 510 624 563 ad
650 510 715 564 solis
741 526 866 564 occasum
889 529 957 581 pag,-¹

101 595 220 644 naretur.
411 586 424 611 ⁰

152 673 194 720 16.
230 665 289 730 Quo
306 662 409 733 proelio
429 661 531 715 bollum
547 660 718 715 Venetorum
735 661 875 732 totiusque
892 680 957 717 orae

98 741 251 795 maritimae
269 739 373 793 conscct
361 743 420 792 tum
438 740 488 792 est.
470 735 550 791 N
553 753 597 790 am
615 753 699 806 quum
715 738 802 791 omnis
816 736 955 806 juventus,

99 833 192 871 omnes
209 816 292 870 etiam
308 813 440 882 gravioris
457 812 583 880 aetatis,
575 829 604 865 m
620 811 718 882 quibus
735 811 840 900 aliquid
850 815 955 868 consilii

98 896 147 946 aut
164 889 383 960 dignitatfuit,1s
401 905 434 942 eo
454 890 643 955 convenerant,
661 890 722 942 tum
746 887 856 941 navium
879 890 956 978 quod

97 967 199 1035 ubique
210 964 319 1021 fuerat
311 981 339 1017 m
350 980 435 1017 unum
449 964 538 1017 locum
554 966 715 1031 coegerant3
735 962 833 1041 quibus
849 965 955 1018 amissis

99 1043 195 1111 reliqui
213 1056 302 1110 neque
320 1055 374 1109 quo
391 1054 421 1092 se
438 1038 592 1106 reciperent
610 1055 699 1106 neque
723 1028 955 1129 quemadmodum

99 1119 200 1186 oppida
216 1115 397 1171 defenderent
413 1112 556 1167 habebant.
538 1112 692 1180 tItaque
708 1130 737 1167 se
750 1130 852 1182 suaque
864 1117 956 1169 omnia

27 1184 29 1191 ’
100 1195 209 1247 Caesari
227 1192 398 1247 dediderunt.
436 1189 469 1241 In
488 1206 555 1257 quos
573 1205 606 1242 eo
623 1189 731 1256 gravia
750 1190 852 1244 Caesar
868 1187 955 1245 vindi-

99 1268 215 1322 candum
233 1267 338 1333 statuit,
358 1282 412 1334 quo
432 1265 590 1332 diligentius
608 1264 636 1317 in
654 1264 789 1332 reliquum
809 1268 919 1334 tempus
938 1284 954 1320 a

100 1343 224 1398 barbaris
235 1344 283 1412 jus
299 1343 449 1410 legatorum
465 1343 678 1393 conservaretur.
714 1340 814 1409 ltaque
825 1342 899 1395 omni
911 1359 954 1396 se-

98 1424 165 1473 natu
177 1426 272 1474 necato
285 1417 405 1486 reliquos
417 1416 468 1469 sub
482 1432 583 1488 corona.
592 1413 722 1469 vendidit.

154 1502 192 1554 17.
225 1496 297 1549 Dum
308 1494 375 1547 haec
387 1493 414 1545 in
427 1491 541 1545 Venetis
552 1494 692 1558 geruntur,
700 1492 732 1555 Q.
740 1490 860 1545 Titurius
875 1489 953 1545 Sabi-

97 1588 149 1625 nus
163 1588 224 1625 curu
236 1571 269 1624 iis
278 1569 361 1638 copiis
369 1584 437 1637 quas
446 1584 461 1620 a
471 1566 587 1620 Caesare
596 1570 737 1634 acceperat
749 1566 777 1618 in
788 1567 857 1621 fines
870 1567 953 1622 Unel-

98 1645 185 1699 lorum
208 1645 337 1715 pervenit
376 1643 427 1696 His
451 1644 578 1711 praeerat
605 1641 746 1695 Viridovix
765 1658 797 1696 ac
817 1659 951 1697 summam

97 1721 205 1789 imperii
222 1721 335 1775 tenebat
351 1735 445 1772 carum
461 1717 580 1770 omnium
598 1716 739 1770 civitatum
757 1734 827 1785 quae
845 1718 951 1773 defecc-

98 1801 167 1863 rant‚
183 1813 216 1850 ax
234 1795 331 1863 quibus
348 1793 498 1847 exercitum
515 1807 681 1859 magnasque
699 1791 790 1860 copias
809 1799 951 1861 coegerat3

98 1875 181 1937 atquc
193 1871 235 1923 his
248 1871 340 1939 paucis
357 1868 454 1922 dicbus
472 1866 583 1920 Aulerci
602 1866 766 1921 Eburovices
783 1867 951 1938 Lexouiique

98 1948 253 1999 senatusue
265 1946 416 2010 interfecto,
428 1942 501 2010 quud
519 1945 643 1995 auctores
658 1940 722 1995 belli
738 1958 798 1996 esse
813 1944 949 2012 nolebant,

97 2024 191 2088 portus
210 2021 365 2074 clauserunt
381 2034 466 2086 seque
482 2033 543 2070 cum
559 2016 716 2079 Viridovice
735 2018 950 2086 conjunxerunt;

97 2112 251 2164 magnaque
270 2099 412 2163 practerea
427 2091 575 2146 multitudo
591 2092 713 2162 undique
731 2109 765 2147 ex
784 2094 872 2148 Gallia
890 2113 951 2164 per

98 2171 217 2224 diturum
241 2170 379 2223 hominum
399 2169 589 2236 latronumque
611 2172 781 2238 convenerat,
799 2187 868 2239 quos
887 2187 949 2240 spes

96 2246 247 2315 praedandi
261 2245 437 2313 studiumque
449 2242 570 2297 bellandi
582 2242 618 2296 ab
636 2243 801 2312 agricultura
816 2249 845 2300 ct
861 2248 949 2314 quoti-

97 2322 177 2375 diano
189 2320 282 2375 labore
295 2319 444 2374 revocabat.
483 2318 600 2385 Sabinus
612 2319 711 2372 idoneo
725 2319 850 2374 omnibus
865 2322 949 2375 rebus

96 2397 155 2451 loco
176 2397 273 2450 castris
296 2413 326 2450 sc
350 2394 470 2461 tenebat,
495 2411 579 2462 quum
604 2394 747 2448 Viridovix
771 2399 866 2450 eontra
886 2414 948 2450 curn

97 2473 181 2526 duum
197 2473 300 2526 milium
319 2472 408 2540 spatio
425 2470 592 2524 consedisset
609 2470 785 2539 quotidieque
806 2472 949 2540 productis

96 2549 179 2617 copiis
196 2548 336 2617 pugnandi
354 2551 520 2616 potestatem
537 2545 648 2615 faceret,
664 2550 696 2600 ut
708 2545 767 2614 jam
786 2564 840 2600 non
862 2549 948 2602 selum

97 2624 220 2679 hostibus
237 2625 265 2678 in
283 2623 513 2692 contemptionem
531 2621 647 2675 Sabinus
663 2623 777 2690 veniret,
795 2622 844 2677 sed
865 2624 948 2678 ctiam

96 2705 252 2754 nostrorum
263 2701 381 2754 militum
393 2699 503 2752 vocibus
518 2697 639 2752 nonnihil
655 2703 819 2768 carperetur,
831 2703 948 2753 tantam-

96 2792 150 2844 que
163 2777 316 2844 opinionem
332 2775 439 2831 timoris
455 2774 582 2843 praebuit
598 2778 630 2828 ut
642 2772 702 2843 jam
719 2772 755 2828 ad
772 2773 873 2827 vallum
891 2791 947 2829 cas-

95 2854 201 2904 trorum
228 2851 322 2906 hostes
344 2853 474 2905 accedere
502 2849 641 2904 auderent.
678 2849 714 2903 Id
737 2866 770 2904 ea
799 2850 835 2904 de
866 2865 948 2904 causa

95 2926 213 2980 faciebat
214 2927 307 2996 ,quod
322 2944 384 2981 cum
400 2930 478 2981 tanta
494 2926 573 2978 multi
575 2924 670 2978 tudine
685 2926 804 2980 hostium
805 2943 947 3016 ,praeser-

88 3002 140 3052 tim
152 3018 186 3054 eo
196 2968 314 3058 absente
326 3004 373 3072 qui
388 3018 523 3058 summam
537 3001 646 3070 imperii
659 3003 777 3069 teneret,
789 3003 842 3056 nisi
858 3019 947 3069 aequo

65 3071 133 3124 loco
153 3081 209 3130 aut
225 3082 444 3148 opportunitate
462 3081 558 3151 aliqua
573 3077 643 3132 data
657 3075 754 3145 legato
772 3074 962 3129 damianum

45 3153 110 3194 nou
123 3151 322 3212 existimabat.

63 706 93 743 ‘s
