2018 3396
443 115 553 163 LIBER
570 115 592 165 1.
912 115 944 165 15

95 218 150 270 qno
172 195 329 265 potirentur
351 195 496 264 locumque
520 195 655 250 domicilio
679 213 713 250 ex
740 213 841 265 nragna
868 197 946 265 eopia

95 274 254 340 deligerent,
275 289 358 342 quem
380 272 505 326 exomni
527 272 616 326 Gallia
633 273 896 341 opportunissimum
915 290 946 345 ac

93 349 339 403 fructuosissimum
358 348 537 417 judicassent,
557 348 731 417 reliquasque
750 349 877 408 ciuitates
898 351 947 403 sti*

94 425 250 495 pendiarias
259 424 399 479 habereut.
422 424 574 494 Petierunt,
583 425 633 479 Uti
646 425 698 478 sibi
707 426 849 480 concilium
861 428 948 482 totius

95 502 200 557 Galliae
212 502 240 555 in
257 501 331 554 diem
351 505 454 555 certam
474 501 595 557 indicere
613 503 698 573 idque
713 501 841 557 Caesaris
856 504 946 562 volnus

94 582 154 634 tate
172 581 263 652 facore
281 578 393 632 liceret:
412 595 472 633 sese
493 579 595 634 habero
615 581 749 649 quasdem
766 597 811 634 res
828 596 897 648 quas
913 597 947 635 ex

95 655 230 709 communi
242 672 374 709 consensu
387 655 421 708 ab
435 672 467 709 eo
479 659 574 723 petere
585 657 694 711 uellent.
720 657 760 710 Ea
772 675 803 712 re
814 659 949 728 permissa

96 731 168 785 diem
193 731 304 785 concilio
330 732 537 800 constituerunt,
563 737 592 786 et
616 733 798 801 jurejurando
821 752 856 789 ne
886 737 948 805 quis

96 808 259 874 enuntiaret,
283 808 335 862 uisi
366 807 464 877 quibus
488 810 759 883 eommunieousilio
788 809 948 867 mandatum

96 889 176 950 esset,
190 884 262 938 inter
275 902 304 938 se
316 887 473 939 sanxerunt.
977 899 989 913 ··

104 970 105 974 ’
149 967 189 1014 31.
225 962 265 1014 Εο
282 960 394 1014 concilio
411 960 524 1014 dimisso
543 961 628 1015 iidem
643 961 781 1032 principes
797 963 947 1031 civitatum,

97 1037 145 1105 qui
156 1041 221 1090 ante
232 1038 342 1091 fueraut
354 1037 390 1090 ad
403 1037 556 1104 Gaesarem,
565 1041 741 1092 reverterunt
752 1040 949 1108 petieruntque

97 1113 138 1167 uti
151 1113 203 1167 sibi
216 1118 321 1168 secreto
332 1113 361 1168 in
373 1114 479 1168 occrrlte
492 1114 527 1168 de
539 1131 588 1168 sua
600 1114 776 1184 omniumque
789 1116 877 1169 salute
886 1133 948 1170 cum

98 1206 131 1242 eo
149 1207 232 1257 agere
251 1191 355 1244 liceret.
392 1189 431 1243 Ea
449 1190 645 1258 reimpetrata
663 1207 722 1243 sese
740 1207 834 1244 omues
850 1191 948 1248 flentes

99 1258 209 1319 Caesari
228 1266 265 1319 ad
285 1266 370 1335 pedes
389 1264 580 1335 projecerunt:
599 1264 661 1318 Non
681 1266 771 1320 minus
791 1283 820 1320 se
839 1267 868 1320 id
887 1285 949 1322 cou-
978 1323 982 1330 ,

98 1343 213 1396 tendere
225 1348 255 1397 ct
266 1343 390 1397 laborare
406 1359 441 1396 uo
457 1358 490 1394 ea
506 1358 577 1411 quae
593 1340 728 1396 dixissent
742 1342 950 1398 enuntiarentur

98 1435 181 1487 quam
194 1419 236 1471 uti
249 1436 282 1472 ea
294 1435 365 1487 quae
377 1418 481 1471 vellent
492 1418 690 1487 impetrarent;
708 1423 855 1486 propterea
867 1420 949 1490 quod,

99 1495 123 1547 si
139 1495 309 1549 enuntiatum
326 1497 407 1562 esset,
420 1511 555 1547 summurn
572 1493 600 1545 in
612 1492 762 1546 cruciatum
775 1510 805 1548 se
817 1499 949 1549 venturos

98 1570 234 1624 viderent.
271 1570 391 1625 Locutus
403 1574 446 1624 est
457 1586 508 1638 pro
519 1570 563 1623 his
575 1568 726 1624 Diuitiaene
740 1569 867 1627 Aeduus:
886 1571 949 1627 Gal-

99 1645 153 1700 liao
164 1647 248 1700 totius
260 1647 392 1701 factiones
404 1663 465 1701 esse
477 1647 563 1711 duas3
581 1645 678 1700 harum
690 1645 804 1700 alterius
815 1647 949 1717 priucipa-

99 1725 159 1782 tum
171 1725 267 1776 tenere
280 1723 400 1789 Aeduos,
413 1723 526 1776 alterius
539 1724 685 1776 Arvernos.
722 1722 761 1776 Hi
774 1740 859 1792 quum
870 1727 948 1779 tanto

99 1815 182 1867 opere
195 1799 229 1852 de
241 1802 388 1867 potentatu
399 1799 472 1852 inter
484 1815 514 1852 se
525 1799 627 1852 multos
643 1815 727 1852 annos
744 1799 949 1869 contenderent,

98 1874 200 1928 factum
212 1875 325 1929 essenti
337 1874 372 1928 ab
386 1875 519 1928 Arvernis
537 1873 726 1943 Sequanisque
738 1874 867 1928 Germani
878 1893 949 1930 mer-

99 1951 168 2005 cede
179 1955 388 2006 arcesserentur.
410 1952 517 2006 Horum
529 1951 617 2018 primo
626 1951 735 2004 circiter
744 1951 818 2004 milia
829 1967 867 2004 xv
877 1951 950 2006 Rhe·

99 2044 164 2081 num
173 2028 318 2082 transisse:
329 2031 507 2098 posteaquam
517 2043 597 2095 agros
605 2029 633 2080 et
641 2026 744 2079 cultum
752 2031 781 2081 et
788 2028 878 2096 copias
887 2028 950 2082 Gal-

99 2103 187 2158 lorum
204 2104 328 2159 homines
343 2104 395 2158 feri
411 2121 442 2158 ac
453 2102 564 2157 barbari
581 2101 763 2168 adamassent,
776 2103 950 2158 transductus

99 2181 206 2250 plures:
217 2197 289 2234 nune
301 2197 362 2235 esse
373 2180 402 2234 in
415 2179 505 2233 Gallia
517 2179 552 2232 ad
565 2195 580 2233 o
592 2182 622 2233 et
633 2194 672 2232 xx
685 2179 789 2232 milium
799 2197 950 2234 numerum.

101 2257 170 2310 Cum
181 2255 225 2309 his
237 2256 351 2310 Aeduos
363 2272 513 2324 eorumque
527 2254 640 2308 clientes
656 2255 739 2308 semel
752 2258 837 2324 atque
849 2256 950 2310 iterum

100 2333 182 2386 armis
189 2332 375 2397 contendisse;
387 2348 513 2400 magnum
520 2331 701 2384 calamitatem
709 2332 802 2400 pulsos
809 2333 951 2401 accepisse,

101 2425 208 2463 omnem
220 2407 401 2475 nobilitatem,
415 2424 522 2461 ornnem
535 2412 668 2474 senatum,
682 2424 788 2462 omnem
797 2409 951 2477 equitatum

100 2484 232 2538 amisisse.
268 2483 372 2548 Quibus
384 2484 494 2553 proeliis
512 2484 768 2552 calamitatibusque
782 2483 891 2550 fractos,
905 2484 952 2553 qui
977 2472 988 2492 ‘

101 2563 131 2614 et
142 2577 192 2614 sua
203 2559 307 2614 virtute
320 2563 349 2614 et
365 2560 458 2629 populi
471 2560 587 2614 Romani
605 2560 722 2629 hospitio
733 2563 819 2629 atque
834 2559 953 2614 amicitia

100 2636 249 2706 plurimum
262 2639 327 2689 ante
340 2636 369 2689 in
386 2635 474 2690 Gellia
488 2637 648 2706 petiissent,
660 2639 768 2690 coactos
780 2653 840 2690 esse
853 2636 954 2706 Sequa

100 2713 144 2766 uis
162 2711 279 2766 obsides
291 2711 358 2766 dare
376 2710 557 2766 nobilissimos
579 2714 703 2781 civitatis,
723 2715 752 2765 et
771 2711 954 2780 jurejurando

102 2787 241 2842 civitatem
264 2787 436 2856 obstringere
458 2805 519 2843 sese
541 2806 629 2858 noque
655 2788 764 2842 obsides
788 2789 954 2857 repetituros

101 2880 192 2932 nequo
207 2863 337 2917 auxilium
357 2881 374 2917 a
392 2865 492 2933 populo
513 2865 636 2919 Romano
653 2864 845 2933 imploraturos
865 2882 955 2934 neque

102 2941 274 2996 recusaturos
282 2957 336 3009 quo
343 2940 433 2995 minus
439 2945 574 3010 perpetuo
582 2942 632 2995 sub
641 2942 749 2995 illorum
757 2940 862 2995 ditione
870 2944 964 3001 stupe

83 3038 86 3043 ·
104 3016 219 3087 imperio
232 3019 331 3070 essent.
366 3017 458 3070 Unum
471 3034 501 3070 se
513 3034 575 3072 esse
587 3035 626 3072 en
636 3017 717 3070 omniu
726 3015 851 3068 diritate
867 3007 989 3058 neone-

102 3108 166 3149 rum
176 3092 225 3163 qui
237 3091 336 3148 adduci
349 3086 405 3148 nen
416 3094 547 3165 potuerit
557 3097 596 3149 ut
609 3093 732 3163 'qureret
745 3083 933 3152 antisorano-s
941 3080 989 3172 ἓξ

99 3166 211 3229 obsides
222 3166 312 3228 darer.
352 3170 399 3230 Ob
413 3189 480 3230 eam
491 3188 560 3230 rem
573 3187 608 3228 se
619 3184 664 3225 ex
673 3161 804 3220 assate
812 3145 981 3215 mim&
