2018 3396
412 133 523 184 1101111
538 133 588 183 vr.
846 172 860 195 ,
887 133 933 180 roa

83 215 228 270 Germanis
239 214 268 269 in
280 214 427 270 amicitiam
439 217 611 283 cognoverat.
648 215 727 270 Haec
740 213 816 284 prius
830 212 872 266 illi
887 212 934 266 de

83 291 218 346 trahenda
238 291 339 345 auxilia
356 291 531 345 existimabat
547 307 630 360 quam
648 292 738 359 ipsum
758 290 830 344 bello
850 290 934 344 laces-

83 373 173 434 seret3
184 385 219 422 ne
231 368 378 436 desperata
389 369 478 422 salute
493 372 542 422 aut
556 385 585 421 sc
603 368 631 420 in
650 368 791 436 Menapios
809 366 934 433 abderet,

83 447 132 498 aut
148 462 210 499 oum
223 444 438 498 Transrhenanis
453 444 582 512 congredi
597 447 748 512 cogeretur.
786 443 847 497 Hoc
865 443 935 496 inito

82 521 193 575 consilio
211 521 297 575 totius
314 521 451 575 exercitus
468 520 665 589 impedimenta
682 519 719 574 ad
737 519 888 573 Labienum
907 519 935 571 in

83 597 209 651 Treviros
237 596 333 665 mittit,
358 596 480 664 duasque
503 597 625 665 legiones
648 597 684 650 ad
710 612 773 650 eum
801 593 935 663 proficisci

79 671 176 740 jubet:
191 673 251 740 ipse
265 689 327 726 cum
341 672 494 740 legionibus
508 672 646 741 expeditis
660 672 783 742 quinque
798 672 825 724 in
841 672 935 724 Mena-

82 749 143 817 pios
154 748 341 818 proficiscitur.
378 748 424 801 llli
438 749 513 802 nulla
529 752 624 803 coacta
635 765 727 816 manu,
738 749 790 801 loci
800 747 935 816 pracsidio

81 825 154 891 freti,
173 825 202 877 in
226 825 309 879 elisas
332 824 502 894 paludesque
525 825 685 894 confugiunt
713 840 817 892 suaque
838 823 936 896 eodem

81 901 232 955 conferunt.
424 934 427 938 Δ

134 982 158 1032 6.
196 977 297 1032 Caesar
318 978 429 1047 partitis
449 980 534 1048 copiis
552 996 615 1034 cum
632 979 662 1033 0.
685 978 771 1033 Fabio
793 979 885 1047 legato
906 979 936 1031 et

83 1053 121 1107 M.
135 1053 233 1108 Crasso
248 1057 395 1122 quaestore
410 1056 591 1124 celeriterque
610 1055 716 1110 effectis
730 1055 860 1124 pontibus
875 1053 936 1108 adit

72 1131 230 1198 tripertito,
254 1130 379 1184 aedilicia
401 1131 529 1198 vicosque
551 1131 680 1194 incendit,
704 1148 802 1198 magno
830 1131 935 1199 pecoris

82 1210 167 1274 atque
182 1207 321 1259 hominum
342 1223 456 1260 numero
476 1207 589 1275 petitur.
626 1206 731 1271 Quibus
748 1207 831 1260 rebus
849 1207 935 1282 coacti

83 1277 204 1350 Menapii
217 1282 322 1350 legatos
337 1282 373 1336 ad
391 1300 454 1336 eum
471 1283 545 1351 pacis
562 1282 699 1352 petendae
715 1299 796 1335 causa
811 1283 933 1337 mittunt.

84 1357 136 1410 Ille
156 1358 295 1451 obsidibps
315 1361 433 1427 acceptis
455 1359 574 1412 hostium
595 1375 624 1412 so
644 1357 801 1410 habiturum
821 1375 933 1410 numero

82 1433 233 1501 0011111101,
252 1451 275 1487 11
295 1438 343 1487 aut
360 1435 546 1502 Ambiorigem
563 1437 611 1488 aut
632 1432 692 1500 ejus
711 1433 815 1500 legatos
835 1433 934 1488 tinibus

82 1510 139 1563 suis
151 1512 326 1579 recepissent.
354 1511 406 1564 His
418 1509 837 1579 011111101111011111(101110ιί1111
851 1510 934 1562 Atro-

82 1584 176 1639 batem
189 1603 249 1639 cum
263 1587 388 1655 equitatu
400 1586 521 1640 custodis
533 1585 591 1639 loco
602 1586 631 1638 in
643 1584 777 1653 Menapiis
789 1585 920 1654 relinquit
927 1607 934 1652 ;

67 1677 70 1683 ·
82 1661 142 1730 ipse
154 1662 181 1714 in
194 1663 321 1716 Treviros
333 1663 520 1731 proficiscitur.
815 1708 821 1717 .

137 1743 158 1795 7.
196 1738 267 1790 Dum
289 1738 356 1791 haec
375 1755 392 1792 a
408 1739 524 1792 Caesare
540 1742 682 1806 geruntur,
704 1736 808 1791 Treviri
828 1737 934 1806 magnis

82 1814 183 1867 coactis
195 1813 336 1882 peditatus
348 1815 540 1883 equitatusque
553 1815 637 1882 copiis
649 1814 798 1867 Labienum
808 1829 869 1866 cum
881 1830 935 1867 11110

82 1889 189 1958 legione
202 1906 272 1957 quae
284 1890 313 1942 in
328 1906 423 1943 eorum
440 1890 539 1943 finibus
553 1890 721 1946 hiemaverat
736 1888 838 1942 adoriri
857 1905 935 1957 para

82 1964 159 2032 bant,
168 1964 282 2032 jamque
294 1965 330 2018 ab
342 1982 374 2018 eo
386 1982 440 2018 non
452 1967 559 2033 longius
571 1965 648 2019 bidui
659 1967 703 2019 via
714 1965 835 2028 aberant,
850 1981 934 2033 quum

82 2042 151 2096 duas
162 2041 268 2094 venisse
280 2040 400 2109 legiones
411 2041 496 2095 missu
506 2042 629 2095 Caesaris
638 2045 812 2109 cognoscunt.
835 2040 935 2094 Positis

82 2117 209 2170 castrias
224 2117 335 2171 milibus
352 2134 480 2185 passuum
498 2133 536 2170 xv
553 2117 655 2171 auxilia
673 2118 870 2170 Gennanomm
888 2132 934 2172 ex-

82 2197 209 2260 spectare
220 2193 398 2247 constituunt.
423 2193 559 2247 Labienus
571 2193 690 2246 hostium
702 2192 811 2260 cognito
823 2191 945 2249 consilio,

83 2285 195 2336 sperans
207 2269 364 2322 tomeritate
377 2286 468 2322 eorum
481 2271 539 2322 fore
550 2269 669 2336 aliquam
687 2267 834 2321 dimicandi
852 2267 935 2320 iacul-

82 2346 176 2412 tntem,
188 2345 324 2412 praesidio
336 2360 355 2399 1
366 2344 517 2399 cohortium
528 2344 734 2413 impedimentis
751 2343 853 2409 relicte,
872 2359 934 2396 cum

82 2435 153 2547 xx*
169 2420 326 2474 cohortibus
355 2437 508 2490 magnoque
543 2421 669 2488 equitatu
700 2424 798 2473 contra
827 2419 934 2473 hostem

82 2512 132 2564 pro
152 2495 269 2562 ciscitur,
283 2499 312 2549 et
325 2497 399 2550 millo
416 2513 545 2564 passuum
563 2496 717 2549 intermisso
736 2495 824 2563 spatio
843 2501 934 2548 eastra

83 2571 241 2624 conrmunit.
277 2571 346 2625 Erat
357 2571 430 2624 inter
442 2572 593 2625 Labienum
606 2575 690 2639 atque
705 2571 812 2623 hostem
830 2569 933 2624 difficili

83 2647 203 2699 transitu
224 2645 325 2700 flumen
349 2647 469 2716 ripisque
493 2646 664 2715 praeruptim
688 2646 739 2699 hoc
761 2661 851 2713 neque
874 2645 934 2714 ipso

83 2722 201 2775 transire
224 2721 252 2774 in
275 2722 364 2775 animo
387 2721 517 2790 habebat
538 2737 629 2790 neque
653 2721 746 2774 hostes
770 2720 934 2775 transituros

84 2797 266 2853 existimabat.
314 2797 479 2865 Augebatur
510 2796 672 2851 auxiliorum
705 2795 828 2864 quotidie
863 2812 932 2863 spes

84 2873 220 2940 Loquitur
238 2874 266 2927 in
286 2875 396 2928 consilio
415 2873 512 2942 palam,
532 2872 665 2938 Quoniam
685 2870 815 2926 Germani
836 2886 934 2937 appro

83 2950 215 3017 pinquarc
234 2949 367 3019 dicantur,
387 2966 448 3004 sese
467 2965 532 3004 suas
553 2947 755 3012 exercitusque
771 2940 965 3018 101101110ὶο

81 3024 194 3078 dubium
215 3043 269 3081 non
291 3026 500 3083 devocaturum
517 3029 552 3082 ct
570 3025 695 3094 postero
719 3019 772 3070 bis
792 3011 898 3076 him
909 3002 987 3104 Χῖζ

69 3101 161 3152 castra
174 3106 332 3163 moturum.
371 3107 520 3163 Celeriter
538 3104 619 3158 haec
638 3097 681 3151 ad
691 3093 810 3145 hostes
821 3075 959 3130 bem*
986 3121 987 3124 =

974 3121 987 3144 q

60 3176 94 3226 ut
104 3189 140 3227 cx
154 3194 260 3249 niagno
273 3183 436 3242 Gallorum
448 3130 987 3256 0111010100111ῑῦΜΝἍΝςὶᾏ
