<?xml version="1.0" encoding="UTF-8"?>
<!DOCTYPE html PUBLIC "-//W3C//DTD XHTML 1.0 Transitional//EN"
    "http://www.w3.org/TR/xhtml1/DTD/xhtml1-transitional.dtd">
<html xmlns="http://www.w3.org/1999/xhtml" xml:lang="en" lang="en">
 <head>
  <title>
</title>
<meta http-equiv="Content-Type" content="text/html;charset=utf-8" />
  <meta name='ocr-system' content='tesseract 3.04.00' />
  <meta name='ocr-capabilities' content='ocr_page ocr_carea ocr_par ocr_line ocrx_word'/>
</head>
<body>
  <div class='ocr_page' id='page_1' title='image "./cjuliicaesarisc00caesgoog_0133.png"; bbox 0 0 2018 3396; ppageno 0'>
   <div class='ocr_carea' id='block_1_1' title="bbox 87 86 845 163">
    <p class='ocr_par' dir='ltr' id='par_1_1' title="bbox 87 86 845 163">
     <span class='ocr_line' id='line_1_1' title="bbox 87 86 845 163; baseline 0.005 -5"><span class='ocrx_word' id='word_1_1' title='bbox 87 113 134 160; x_wconf 77' lang='lat'>120</span> <span class='ocrx_word' id='word_1_2' title='bbox 243 113 272 160; x_wconf 89' lang='lat' dir='ltr'>o.</span> <span class='ocrx_word' id='word_1_3' title='bbox 290 111 391 160; x_wconf 75' lang='lat' dir='ltr'>sonu</span> <span class='ocrx_word' id='word_1_4' title='bbox 408 111 583 159; x_wconf 74' lang='lat' dir='ltr'>cansnms</span> <span class='ocrx_word' id='word_1_5' title='bbox 601 112 711 160; x_wconf 79' lang='lat' dir='ltr'>mans</span> <span class='ocrx_word' id='word_1_6' title='bbox 727 112 777 163; x_wconf 81' lang='lat' dir='ltr'>vr.</span> <span class='ocrx_word' id='word_1_7' title='bbox 841 86 845 91; x_wconf 76' lang='grc'><strong>’</strong></span> 
     </span>
    </p>
   </div>
   <div class='ocr_carea' id='block_1_2' title="bbox 65 189 980 1778">
    <p class='ocr_par' dir='ltr' id='par_1_2' title="bbox 83 189 956 868">
     <span class='ocr_line' id='line_1_2' title="bbox 85 189 942 259; baseline 0.005 -15"><span class='ocrx_word' id='word_1_8' title='bbox 85 192 150 259; x_wconf 85' lang='lat' dir='ltr'>fuga</span> <span class='ocrx_word' id='word_1_9' title='bbox 169 189 410 258; x_wconf 75' lang='lat' dir='ltr'>circumspicerent</span> <span class='ocrx_word' id='word_1_10' title='bbox 428 190 529 258; x_wconf 85' lang='lat' dir='ltr'>captivi</span> <span class='ocrx_word' id='word_1_11' title='bbox 540 207 592 244; x_wconf 89' lang='lat' dir='ltr'>nce</span> <span class='ocrx_word' id='word_1_12' title='bbox 603 191 684 259; x_wconf 86' lang='lat' dir='ltr'>plane</span> <span class='ocrx_word' id='word_1_13' title='bbox 696 191 780 244; x_wconf 85' lang='lat' dir='ltr'>etiam</span> <span class='ocrx_word' id='word_1_14' title='bbox 798 191 888 246; x_wconf 87' lang='lat' dir='ltr'>abisse</span> <span class='ocrx_word' id='word_1_15' title='bbox 908 210 942 248; x_wconf 84' lang='lat' dir='ltr'>ex</span> 
     </span>
     <span class='ocr_line' id='line_1_3' title="bbox 84 266 943 338; baseline 0.005 -19"><span class='ocrx_word' id='word_1_16' title='bbox 84 270 232 335; x_wconf 87' lang='lat' dir='ltr'>conspectu</span> <span class='ocrx_word' id='word_1_17' title='bbox 244 266 450 332; x_wconf 76' lang='lat' dir='ltr'>contenderent,</span> <span class='ocrx_word' id='word_1_18' title='bbox 464 268 496 318; x_wconf 88' lang='lat' dir='ltr'>ut</span> <span class='ocrx_word' id='word_1_19' title='bbox 509 283 557 334; x_wconf 91' lang='lat' dir='ltr'>spe</span> <span class='ocrx_word' id='word_1_20' title='bbox 569 266 753 335; x_wconf 85' lang='lat' dir='ltr'>consequendi</span> <span class='ocrx_word' id='word_1_21' title='bbox 767 267 845 321; x_wconf 83' lang='lat' dir='ltr'>illata</span> <span class='ocrx_word' id='word_1_22' title='bbox 858 274 943 338; x_wconf 84' lang='lat' dir='ltr'>atquc</span> 
     </span>
     <span class='ocr_line' id='line_1_4' title="bbox 84 341 956 415; baseline 0.003 -19"><span class='ocrx_word' id='word_1_23' title='bbox 84 341 190 396; x_wconf 74' lang='lat' dir='ltr'>infinito</span> <span class='ocrx_word' id='word_1_24' title='bbox 215 341 308 395; x_wconf 88' lang='lat' dir='ltr'>labore</span> <span class='ocrx_word' id='word_1_25' title='bbox 332 345 466 409; x_wconf 80' lang='lat' dir='ltr'>suscepte,</span> <span class='ocrx_word' id='word_1_26' title='bbox 491 342 539 410; x_wconf 92' lang='lat' dir='ltr'>qui</span> <span class='ocrx_word' id='word_1_27' title='bbox 563 359 593 396; x_wconf 87' lang='lat' dir='ltr'>se</span> <span class='ocrx_word' id='word_1_28' title='bbox 615 358 751 396; x_wconf 85' lang='lat' dir='ltr'>summam</span> <span class='ocrx_word' id='word_1_29' title='bbox 769 343 805 396; x_wconf 86' lang='lat' dir='ltr'>ab</span> <span class='ocrx_word' id='word_1_30' title='bbox 823 344 956 415; x_wconf 47' lang='lat' dir='ltr'>Caesare,</span> 
     </span>
     <span class='ocr_line' id='line_1_5' title="bbox 84 418 943 487; baseline 0.003 -16"><span class='ocrx_word' id='word_1_31' title='bbox 84 419 200 487; x_wconf 78' lang='lat' dir='ltr'>gratiam</span> <span class='ocrx_word' id='word_1_32' title='bbox 218 418 334 472; x_wconf 88' lang='lat' dir='ltr'>inituros</span> <span class='ocrx_word' id='word_1_33' title='bbox 359 420 496 487; x_wconf 82' lang='lat' dir='ltr'>putarent,</span> <span class='ocrx_word' id='word_1_34' title='bbox 520 435 607 487; x_wconf 87' lang='lat' dir='ltr'>paene</span> <span class='ocrx_word' id='word_1_35' title='bbox 625 421 753 472; x_wconf 85' lang='lat' dir='ltr'>naturam</span> <span class='ocrx_word' id='word_1_36' title='bbox 772 419 864 472; x_wconf 88' lang='lat' dir='ltr'>studio</span> <span class='ocrx_word' id='word_1_37' title='bbox 884 421 943 474; x_wconf 85' lang='lat' dir='ltr'>vin-</span> 
     </span>
     <span class='ocr_line' id='line_1_6' title="bbox 84 493 942 563; baseline 0.002 -15"><span class='ocrx_word' id='word_1_38' title='bbox 84 498 186 562; x_wconf 90' lang='lat' dir='ltr'>cerent,</span> <span class='ocrx_word' id='word_1_39' title='bbox 199 510 362 563; x_wconf 79' lang='lat' dir='ltr'>semperque</span> <span class='ocrx_word' id='word_1_40' title='bbox 380 493 501 562; x_wconf 85' lang='lat' dir='ltr'>paullum</span> <span class='ocrx_word' id='word_1_41' title='bbox 518 495 554 547; x_wconf 89' lang='lat' dir='ltr'>ad</span> <span class='ocrx_word' id='word_1_42' title='bbox 570 510 703 548; x_wconf 86' lang='lat' dir='ltr'>summam</span> <span class='ocrx_word' id='word_1_43' title='bbox 720 493 882 549; x_wconf 84' lang='lat' dir='ltr'>felicitatem</span> <span class='ocrx_word' id='word_1_44' title='bbox 894 496 942 550; x_wconf 90' lang='lat' dir='ltr'>de-</span> 
     </span>
     <span class='ocr_line' id='line_1_7' title="bbox 83 569 942 638; baseline 0.002 -14"><span class='ocrx_word' id='word_1_45' title='bbox 83 571 166 625; x_wconf 82' lang='lat' dir='ltr'>fuisse</span> <span class='ocrx_word' id='word_1_46' title='bbox 178 570 327 637; x_wconf 76' lang='lat' dir='ltr'>rideretur,</span> <span class='ocrx_word' id='word_1_47' title='bbox 340 574 424 638; x_wconf 88' lang='lat' dir='ltr'>atque</span> <span class='ocrx_word' id='word_1_48' title='bbox 437 569 483 622; x_wconf 89' lang='lat' dir='ltr'>ille</span> <span class='ocrx_word' id='word_1_49' title='bbox 496 569 609 624; x_wconf 87' lang='lat' dir='ltr'>latebris</span> <span class='ocrx_word' id='word_1_50' title='bbox 625 587 657 624; x_wconf 89' lang='lat' dir='ltr'>ac</span> <span class='ocrx_word' id='word_1_51' title='bbox 670 570 744 623; x_wconf 85' lang='lat' dir='ltr'>silvis</span> <span class='ocrx_word' id='word_1_52' title='bbox 761 574 810 624; x_wconf 89' lang='lat' dir='ltr'>aut</span> <span class='ocrx_word' id='word_1_53' title='bbox 826 571 942 626; x_wconf 80' lang='lat' dir='ltr'>saltibus</span> 
     </span>
     <span class='ocr_line' id='line_1_8' title="bbox 83 645 942 716; baseline 0 -15"><span class='ocrx_word' id='word_1_54' title='bbox 83 665 113 701; x_wconf 90' lang='lat' dir='ltr'>se</span> <span class='ocrx_word' id='word_1_55' title='bbox 125 648 252 716; x_wconf 86' lang='lat' dir='ltr'>eriperet,</span> <span class='ocrx_word' id='word_1_56' title='bbox 265 651 294 700; x_wconf 88' lang='lat' dir='ltr'>et</span> <span class='ocrx_word' id='word_1_57' title='bbox 305 649 387 698; x_wconf 90' lang='lat' dir='ltr'>noctu</span> <span class='ocrx_word' id='word_1_58' title='bbox 401 645 552 698; x_wconf 87' lang='lat' dir='ltr'>occultatus</span> <span class='ocrx_word' id='word_1_59' title='bbox 565 645 631 699; x_wconf 84' lang='lat' dir='ltr'>alias</span> <span class='ocrx_word' id='word_1_60' title='bbox 649 646 775 714; x_wconf 81' lang='lat' dir='ltr'>regiones</span> <span class='ocrx_word' id='word_1_61' title='bbox 791 656 942 716; x_wconf 82' lang='lat' dir='ltr'>partesque</span> 
     </span>
     <span class='ocr_line' id='line_1_9' title="bbox 83 721 941 792; baseline -0.001 -15"><span class='ocrx_word' id='word_1_62' title='bbox 83 727 191 792; x_wconf 86' lang='lat' dir='ltr'>peteret</span> <span class='ocrx_word' id='word_1_63' title='bbox 217 740 271 775; x_wconf 91' lang='lat' dir='ltr'>non</span> <span class='ocrx_word' id='word_1_64' title='bbox 289 721 392 789; x_wconf 83' lang='lat' dir='ltr'>majore</span> <span class='ocrx_word' id='word_1_65' title='bbox 411 722 534 788; x_wconf 90' lang='lat' dir='ltr'>equitum</span> <span class='ocrx_word' id='word_1_66' title='bbox 559 721 696 790; x_wconf 88' lang='lat' dir='ltr'>praesidio</span> <span class='ocrx_word' id='word_1_67' title='bbox 714 738 795 790; x_wconf 86' lang='lat' dir='ltr'>quam</span> <span class='ocrx_word' id='word_1_68' title='bbox 814 726 941 792; x_wconf 83' lang='lat' dir='ltr'>quatuor,</span> 
     </span>
     <span class='ocr_line' id='line_1_10' title="bbox 83 796 771 868; baseline -0.001 -16"><span class='ocrx_word' id='word_1_69' title='bbox 83 799 182 868; x_wconf 90' lang='lat' dir='ltr'>quibus</span> <span class='ocrx_word' id='word_1_70' title='bbox 194 799 258 852; x_wconf 88' lang='lat' dir='ltr'>solis</span> <span class='ocrx_word' id='word_1_71' title='bbox 270 798 355 851; x_wconf 85' lang='lat' dir='ltr'>vitam</span> <span class='ocrx_word' id='word_1_72' title='bbox 368 814 445 850; x_wconf 85' lang='lat' dir='ltr'>suam</span> <span class='ocrx_word' id='word_1_73' title='bbox 459 799 631 850; x_wconf 77' lang='lat' dir='ltr'>committere</span> <span class='ocrx_word' id='word_1_74' title='bbox 644 796 771 851; x_wconf 84' lang='lat' dir='ltr'>audebat.</span> 
     </span>
    </p>

    <p class='ocr_par' dir='ltr' id='par_1_3' title="bbox 65 873 980 1778">
     <span class='ocr_line' id='line_1_11' title="bbox 132 873 941 940; baseline -0.001 -12"><span class='ocrx_word' id='word_1_75' title='bbox 132 881 173 929; x_wconf 77' lang='lat'>44:</span> <span class='ocrx_word' id='word_1_76' title='bbox 209 875 267 928; x_wconf 80' lang='lat' dir='ltr'>&#39;Pali</span> <span class='ocrx_word' id='word_1_77' title='bbox 278 874 360 928; x_wconf 89' lang='lat' dir='ltr'>modo</span> <span class='ocrx_word' id='word_1_78' title='bbox 372 873 487 927; x_wconf 84' lang='lat' dir='ltr'>vastatis</span> <span class='ocrx_word' id='word_1_79' title='bbox 501 873 657 940; x_wconf 89' lang='lat' dir='ltr'>regionibns</span> <span class='ocrx_word' id='word_1_80' title='bbox 669 873 821 927; x_wconf 67' lang='lat' dir='ltr'>exercitum</span> <span class='ocrx_word' id='word_1_81' title='bbox 836 873 941 928; x_wconf 84' lang='lat' dir='ltr'>Caesar</span> 
     </span>
     <span class='ocr_line' id='line_1_12' title="bbox 65 949 940 1005; baseline -0.003 1"><span class='ocrx_word' id='word_1_82' title='bbox 65 958 69 965; x_wconf 89' lang='lat'>&#39;</span> <span class='ocrx_word' id='word_1_83' title='bbox 83 952 199 1005; x_wconf 88' lang='lat' dir='ltr'>duarum</span> <span class='ocrx_word' id='word_1_84' title='bbox 216 950 366 1004; x_wconf 90' lang='lat' dir='ltr'>cohortium</span> <span class='ocrx_word' id='word_1_85' title='bbox 383 949 482 1002; x_wconf 82' lang='lat' dir='ltr'>damno</span> <span class='ocrx_word' id='word_1_86' title='bbox 499 949 715 1002; x_wconf 86' lang='lat' dir='ltr'>Durocortorum</span> <span class='ocrx_word' id='word_1_87' title='bbox 730 949 881 1002; x_wconf 81' lang='lat' dir='ltr'>Remorum</span> <span class='ocrx_word' id='word_1_88' title='bbox 897 966 940 1004; x_wconf 90' lang='lat' dir='ltr'>rc-</span> 
     </span>
     <span class='ocr_line' id='line_1_13' title="bbox 82 1024 940 1096; baseline -0.002 -14"><span class='ocrx_word' id='word_1_89' title='bbox 82 1027 166 1096; x_wconf 88' lang='lat' dir='ltr'>ducit,</span> <span class='ocrx_word' id='word_1_90' title='bbox 179 1026 343 1094; x_wconf 88' lang='lat' dir='ltr'>concilioque</span> <span class='ocrx_word' id='word_1_91' title='bbox 359 1025 388 1078; x_wconf 92' lang='lat' dir='ltr'>in</span> <span class='ocrx_word' id='word_1_92' title='bbox 404 1041 467 1078; x_wconf 90' lang='lat' dir='ltr'>eum</span> <span class='ocrx_word' id='word_1_93' title='bbox 484 1025 572 1078; x_wconf 89' lang='lat' dir='ltr'>locum</span> <span class='ocrx_word' id='word_1_94' title='bbox 590 1024 695 1078; x_wconf 84' lang='lat' dir='ltr'>Galliac</span> <span class='ocrx_word' id='word_1_95' title='bbox 713 1024 816 1077; x_wconf 88' lang='lat' dir='ltr'>indicto</span> <span class='ocrx_word' id='word_1_96' title='bbox 828 1025 940 1080; x_wconf 85' lang='lat' dir='ltr'>de&#39;con-</span> 
     </span>
     <span class='ocr_line' id='line_1_14' title="bbox 78 1100 940 1172; baseline -0.002 -14"><span class='ocrx_word' id='word_1_97' title='bbox 78 1104 219 1172; x_wconf 87' lang='lat' dir='ltr'>juratione</span> <span class='ocrx_word' id='word_1_98' title='bbox 243 1103 380 1156; x_wconf 81' lang='lat' dir='ltr'>Senonum</span> <span class='ocrx_word' id='word_1_99' title='bbox 403 1105 432 1154; x_wconf 90' lang='lat' dir='ltr'>et</span> <span class='ocrx_word' id='word_1_100' title='bbox 456 1101 608 1154; x_wconf 82' lang='lat' dir='ltr'>Carnutum</span> <span class='ocrx_word' id='word_1_101' title='bbox 628 1101 815 1169; x_wconf 86' lang='lat' dir='ltr'>quaestionem</span> <span class='ocrx_word' id='word_1_102' title='bbox 836 1100 940 1157; x_wconf 86' lang='lat' dir='ltr'>habere</span> 
     </span>
     <span class='ocr_line' id='line_1_15' title="bbox 82 1170 980 1246; baseline -0.001 -14"><span class='ocrx_word' id='word_1_103' title='bbox 82 1170 217 1246; x_wconf 83' lang='lat' dir='ltr'>iristituit;</span> <span class='ocrx_word' id='word_1_104' title='bbox 230 1182 259 1233; x_wconf 88' lang='lat' dir='ltr'>et</span> <span class='ocrx_word' id='word_1_105' title='bbox 272 1177 307 1232; x_wconf 90' lang='lat' dir='ltr'>de</span> <span class='ocrx_word' id='word_1_106' title='bbox 322 1179 437 1241; x_wconf 72' lang='lat' dir='ltr'>Accone,</span> <span class='ocrx_word' id='word_1_107' title='bbox 451 1178 497 1244; x_wconf 87' lang='lat' dir='ltr'>qni</span> <span class='ocrx_word' id='word_1_108' title='bbox 515 1177 642 1245; x_wconf 88' lang='lat' dir='ltr'>princeps</span> <span class='ocrx_word' id='word_1_109' title='bbox 656 1175 715 1244; x_wconf 89' lang='lat' dir='ltr'>ejus</span> <span class='ocrx_word' id='word_1_110' title='bbox 728 1176 833 1229; x_wconf 91' lang='lat' dir='ltr'>consilii</span> <span class='ocrx_word' id='word_1_111' title='bbox 841 1177 939 1246; x_wconf 84' lang='lat' dir='ltr'>fuerat,</span> <span class='ocrx_word' id='word_1_112' title='bbox 970 1190 980 1197; x_wconf 82' lang='grc'><em>·</em></span> 
     </span>
     <span class='ocr_line' id='line_1_16' title="bbox 81 1251 939 1324; baseline -0.005 -13"><span class='ocrx_word' id='word_1_113' title='bbox 81 1257 206 1324; x_wconf 82' lang='lat' dir='ltr'>graviore</span> <span class='ocrx_word' id='word_1_114' title='bbox 226 1253 362 1309; x_wconf 83' lang='lat' dir='ltr'>sententia</span> <span class='ocrx_word' id='word_1_115' title='bbox 382 1253 567 1323; x_wconf 83' lang='lat' dir='ltr'>pronunciata,</span> <span class='ocrx_word' id='word_1_116' title='bbox 584 1268 661 1306; x_wconf 91' lang='lat' dir='ltr'>more</span> <span class='ocrx_word' id='word_1_117' title='bbox 680 1251 815 1319; x_wconf 86' lang='lat' dir='ltr'>majorum</span> <span class='ocrx_word' id='word_1_118' title='bbox 834 1254 939 1322; x_wconf 79' lang='lat' dir='ltr'>suppli-</span> 
     </span>
     <span class='ocr_line' id='line_1_17' title="bbox 81 1327 939 1400; baseline -0.002 -15"><span class='ocrx_word' id='word_1_119' title='bbox 81 1332 154 1385; x_wconf 90' lang='lat' dir='ltr'>cium</span> <span class='ocrx_word' id='word_1_120' title='bbox 175 1331 297 1400; x_wconf 90' lang='lat' dir='ltr'>sumpsit.</span> <span class='ocrx_word' id='word_1_121' title='bbox 334 1327 464 1381; x_wconf 86' lang='lat' dir='ltr'>Nonnulli</span> <span class='ocrx_word' id='word_1_122' title='bbox 483 1327 619 1395; x_wconf 85' lang='lat' dir='ltr'>judicium</span> <span class='ocrx_word' id='word_1_123' title='bbox 639 1327 720 1381; x_wconf 84' lang='lat' dir='ltr'>veriti</span> <span class='ocrx_word' id='word_1_124' title='bbox 742 1329 939 1396; x_wconf 85' lang='lat' dir='ltr'>profugerunt;</span> 
     </span>
     <span class='ocr_line' id='line_1_18' title="bbox 82 1403 939 1476; baseline -0.001 -16"><span class='ocrx_word' id='word_1_125' title='bbox 82 1407 182 1476; x_wconf 85' lang='lat' dir='ltr'>quibus</span> <span class='ocrx_word' id='word_1_126' title='bbox 194 1423 279 1475; x_wconf 90' lang='lat' dir='ltr'>quum</span> <span class='ocrx_word' id='word_1_127' title='bbox 291 1421 362 1473; x_wconf 88' lang='lat' dir='ltr'>aqua</span> <span class='ocrx_word' id='word_1_128' title='bbox 374 1407 457 1473; x_wconf 89' lang='lat' dir='ltr'>atque</span> <span class='ocrx_word' id='word_1_129' title='bbox 469 1403 526 1471; x_wconf 90' lang='lat' dir='ltr'>igni</span> <span class='ocrx_word' id='word_1_130' title='bbox 536 1403 731 1470; x_wconf 80' lang='lat' dir='ltr'>interdixisset,</span> <span class='ocrx_word' id='word_1_131' title='bbox 740 1403 808 1457; x_wconf 87' lang='lat' dir='ltr'>duos</span> <span class='ocrx_word' id='word_1_132' title='bbox 817 1404 939 1472; x_wconf 84' lang='lat' dir='ltr'>legiones</span> 
     </span>
     <span class='ocr_line' id='line_1_19' title="bbox 82 1478 979 1548; baseline -0.003 -11"><span class='ocrx_word' id='word_1_133' title='bbox 82 1483 118 1536; x_wconf 85' lang='lat' dir='ltr'>ad</span> <span class='ocrx_word' id='word_1_134' title='bbox 130 1484 199 1537; x_wconf 86' lang='lat' dir='ltr'>fines</span> <span class='ocrx_word' id='word_1_135' title='bbox 212 1482 393 1547; x_wconf 84' lang='lat' dir='ltr'>Trevirorum,</span> <span class='ocrx_word' id='word_1_136' title='bbox 405 1479 473 1532; x_wconf 86' lang='lat' dir='ltr'>duas</span> <span class='ocrx_word' id='word_1_137' title='bbox 484 1479 514 1532; x_wconf 91' lang='lat' dir='ltr'>in</span> <span class='ocrx_word' id='word_1_138' title='bbox 527 1478 702 1547; x_wconf 83' lang='lat' dir='ltr'>Lingonibus,</span> <span class='ocrx_word' id='word_1_139' title='bbox 715 1495 764 1532; x_wconf 85' lang='lat' dir='ltr'>sex</span> <span class='ocrx_word' id='word_1_140' title='bbox 775 1479 896 1548; x_wconf 85' lang='lat' dir='ltr'>reliquas</span> <span class='ocrx_word' id='word_1_141' title='bbox 908 1481 938 1534; x_wconf 90' lang='lat' dir='ltr'>iu</span> <span class='ocrx_word' id='word_1_142' title='bbox 974 1508 979 1517; x_wconf 93' lang='lat'>·</span> 
     </span>
     <span class='ocr_line' id='line_1_20' title="bbox 82 1555 938 1624; baseline -0.004 -12"><span class='ocrx_word' id='word_1_143' title='bbox 82 1562 219 1612; x_wconf 79' lang='lat' dir='ltr'>Senonum</span> <span class='ocrx_word' id='word_1_144' title='bbox 226 1557 327 1610; x_wconf 87' lang='lat' dir='ltr'>finibus</span> <span class='ocrx_word' id='word_1_145' title='bbox 337 1557 360 1608; x_wconf 82' lang='lat' dir='ltr'>A</span> <span class='ocrx_word' id='word_1_146' title='bbox 364 1555 471 1624; x_wconf 83' lang='lat' dir='ltr'>gendici</span> <span class='ocrx_word' id='word_1_147' title='bbox 481 1556 509 1608; x_wconf 87' lang='lat' dir='ltr'>in</span> <span class='ocrx_word' id='word_1_148' title='bbox 518 1555 639 1609; x_wconf 86' lang='lat' dir='ltr'>hibernis</span> <span class='ocrx_word' id='word_1_149' title='bbox 648 1555 805 1620; x_wconf 76' lang='lat' dir='ltr'>collocavit3</span> <span class='ocrx_word' id='word_1_150' title='bbox 816 1555 938 1609; x_wconf 86' lang='lat' dir='ltr'>frumen-</span> 
     </span>
     <span class='ocr_line' id='line_1_21' title="bbox 81 1630 937 1702; baseline -0.004 -14"><span class='ocrx_word' id='word_1_151' title='bbox 81 1638 165 1702; x_wconf 87' lang='lat' dir='ltr'>toque</span> <span class='ocrx_word' id='word_1_152' title='bbox 177 1633 308 1688; x_wconf 84' lang='lat' dir='ltr'>exercitui</span> <span class='ocrx_word' id='word_1_153' title='bbox 320 1631 436 1700; x_wconf 86' lang='lat' dir='ltr'>proviso,</span> <span class='ocrx_word' id='word_1_154' title='bbox 448 1635 479 1684; x_wconf 92' lang='lat' dir='ltr'>ut</span> <span class='ocrx_word' id='word_1_155' title='bbox 491 1631 651 1685; x_wconf 87' lang='lat' dir='ltr'>instituerat</span> <span class='ocrx_word' id='word_1_156' title='bbox 662 1630 691 1683; x_wconf 92' lang='lat' dir='ltr'>in</span> <span class='ocrx_word' id='word_1_157' title='bbox 705 1630 814 1685; x_wconf 83' lang='lat' dir='ltr'>Italiam</span> <span class='ocrx_word' id='word_1_158' title='bbox 826 1631 862 1686; x_wconf 84' lang='lat' dir='ltr'>ad</span> <span class='ocrx_word' id='word_1_159' title='bbox 874 1647 937 1685; x_wconf 90' lang='lat' dir='ltr'>con·</span> 
     </span>
     <span class='ocr_line' id='line_1_22' title="bbox 81 1707 523 1778; baseline -0.007 -14"><span class='ocrx_word' id='word_1_160' title='bbox 81 1713 179 1764; x_wconf 81' lang='lat' dir='ltr'>ventus</span> <span class='ocrx_word' id='word_1_161' title='bbox 190 1709 309 1778; x_wconf 84' lang='lat' dir='ltr'>agendos</span> <span class='ocrx_word' id='word_1_162' title='bbox 321 1707 461 1775; x_wconf 87' lang='lat' dir='ltr'>profectus</span> <span class='ocrx_word' id='word_1_163' title='bbox 473 1710 523 1762; x_wconf 86' lang='lat' dir='ltr'>est.</span> 
     </span>
    </p>
   </div>
   <div class='ocr_carea' id='block_1_3' title="bbox 0 0 1014 3396">
    <p class='ocr_par' dir='ltr' id='par_1_4' title="bbox 0 0 1014 3396">
     <span class='ocr_line' id='line_1_23' title="bbox 0 0 1014 3396; baseline 0 2"><span class='ocrx_word' id='word_1_164' title='bbox 0 0 1014 3396; x_wconf 95' lang='lat' dir='ltr'> </span> 
     </span>
    </p>
   </div>
  </div>
 </body>
</html>
