2018 3396
78 113 126 162 158
335 162 338 169 ,
358 112 386 161 C.
404 110 505 160 JULII
522 110 699 158 CAESARIS

76 199 158 266 cogat
170 198 255 265 atque
267 194 368 250 auxilia
380 197 530 260 morentur,
549 209 632 261 quam
650 195 699 246 aut
717 191 867 246 deditionis
884 194 933 245 aut

77 274 154 343 pacis
169 272 339 326 subeundam
358 270 549 324 conditionem.
568 263 738 336 ‘Mandubii
756 268 803 338 qui
821 285 869 322 eos
887 284 935 336 ep

77 349 145 420 pido
163 351 333 418 receperant,
353 363 414 400 cum
432 346 525 399 libcris
544 348 628 414 atque
645 346 777 399 uxoribus
795 345 871 399 exire
889 361 933 398 co-

77 430 187 494 guntur.
224 425 263 477 Hi
282 441 367 493 quum
387 423 424 476 ad
443 422 608 477 munitiones
633 421 820 475 Romanorum
843 437 935 475 acces·

78 503 186 569 sissent,
198 501 297 554 flentes
309 499 435 553 omnibus
447 499 574 568 precibus
586 498 703 552 orabant
714 502 746 552 ut
759 515 794 570 se,
802 498 831 551 in
849 499 934 552 serri-

77 581 168 632 tutem
181 580 306 645 receptos
319 576 379 630 cibo
391 575 529 643 juvarent.
565 576 606 630 At
625 575 727 630 Caesar
745 575 885 644 dispositis
903 575 933 628 iu

77 654 149 707 vallo
162 653 292 707 custodiis
305 653 388 721 recipi
402 651 572 721 prohibebat.

132 735 171 788 79.
197 729 308 782 Interea
319 728 457 781 Commius
467 731 496 781 et
505 727 605 796 reliqui
615 727 705 793 duces,
716 726 816 796 quibus
825 743 933 782 summa

77 806 186 874 imperii
199 804 332 872 permissa
344 809 411 869 crat,
426 821 487 858 curn
507 804 633 857 omuibus
651 803 734 871 copiis
752 802 788 856 ad
807 804 931 858 Alesiam

78 882 250 951 perveniunt,
271 884 300 934 et
318 880 386 934 colle
404 881 541 933 exteriore
559 882 691 947 occupato
709 895 763 931 non
781 879 889 946 longius
908 896 931 935 m

78 956 263 1028 passibusab
284 957 386 1010 nostris
403 956 602 1010 munitionibus
625 954 778 1009 considunt.
815 954 932 1010 Postero

79 1035 125 1088 die
146 1034 270 1103 equitatu
288 1050 323 1087 ex
341 1034 439 1088 castris
456 1032 557 1086 educto
575 1049 683 1086 omnem
702 1048 762 1084 eam
780 1031 932 1100 planitiem,

79 1127 163 1179 quam
174 1111 203 1163 in
214 1109 415 1177 longitudinem
427 1123 463 1163 111
474 1109 549 1163 milia
559 1125 688 1178 passuum
704 1111 802 1175 patere
819 1107 932 1162 demon-

79 1188 233 1252 stravimus,
245 1186 383 1256 complent
395 1185 593 1254 pedestresque
606 1183 697 1251 copias
708 1183 830 1253 paullum
842 1184 878 1238 ab
897 1203 931 1240 eo

78 1263 138 1317 loco
150 1263 259 1317 abditas
271 1263 300 1316 in
312 1261 377 1316 locis
390 1261 577 1331 superioribus
591 1261 769 1314 constituunt.
809 1260 878 1316 Erat
896 1279 930 1316 ex

78 1340 182 1408 oppido
196 1339 290 1393 Alesia
307 1339 454 1408 despectus
472 1338 501 1391 in
519 1354 652 1406 campum.
689 1337 869 1392 concurritur
886 1338 931 1392 his

78 1417 186 1471 auxiliis
205 1416 284 1480 visis3
314 1416 347 1470 fit
366 1414 516 1483 gratulatio
533 1415 607 1467 inter
626 1430 680 1480 cos,
702 1418 788 1483 atque
808 1415 930 1469 omnium

77 1492 162 1547 animi
175 1492 211 1546 ad
223 1491 356 1545 laetitiam
369 1491 530 1544 excitantur.
568 1490 670 1558 Itaque
687 1490 828 1558 productis
846 1492 931 1559 copiis

77 1572 144 1623 ante
161 1567 293 1638 oppidum
312 1567 457 1620 considunt
474 1570 503 1620 et
520 1567 672 1634 proximum
689 1567 790 1619 fossam
808 1566 931 1621 cratibus

77 1645 207 1713 integunt
225 1647 309 1712 atque
330 1659 430 1710 aggere
451 1642 570 1711 explent,
591 1658 674 1711 seque
698 1642 735 1696 ad
758 1643 931 1711 eruptionem

77 1724 164 1790 atque
176 1736 270 1774 omues
282 1736 360 1773 casus
372 1721 538 1787 comparant.
818 1776 823 1785 ⁵

132 1803 173 1852 80.
210 1796 310 1851 Cacsar
333 1795 407 1848 omni
430 1795 553 1848 exercitu
581 1793 617 1847 ad
646 1798 792 1863 utramque
820 1800 930 1865 partem

77 1873 259 1928 inanitionum
272 1871 404 1941 disposito
420 1874 460 1938 ut,
478 1871 500 1923 si
518 1887 584 1924 usus
601 1870 699 1935 veniat,
716 1888 794 1926 suum
813 1874 931 1942 quisque

77 1949 168 2003 locum
180 1952 274 2003 teneat
286 1952 316 2002 ct
329 1948 443 2015 noverit,
462 1947 615 2015 equitatum
634 1964 668 2000 cx
686 1948 784 2001 castris
801 1949 880 2003 educi
900 1953 930 2005 ct

77 2025 212 2093 proelium
225 2024 359 2078 committi
367 2022 458 2091 jubet.
482 2023 550 2076 Erat
563 2039 597 2076 ex
610 2021 735 2076 omnibus
747 2024 846 2078 castris
858 2042 930 2094 quae

78 2117 215 2155 summum
239 2099 360 2167 undique
379 2099 479 2166 jugum
503 2099 636 2152 tenebant
659 2098 814 2168 despectus,
844 2104 930 2170 atquc

78 2176 200 2230 omnium
217 2175 335 2228 militum
355 2175 453 2228 intenti
476 2175 559 2229 animi
577 2191 685 2244 pugnae
702 2180 864 2243 proventum
882 2195 930 2231 cx-

78 2251 248 2324 spectabant.
284 2251 355 2305 Galli
379 2253 451 2304 iuter
471 2252 578 2320 equites
601 2268 679 2305 raros
702 2252 859 2319 sagittarios
882 2271 929 2307 cx-

77 2328 243 2401 pcditosquo
254 2327 321 2381 lcvis
331 2332 485 2382 amraturae
496 2327 698 2396 interjecerant,
707 2329 754 2397 qui
764 2329 820 2381 suis
828 2329 929 2383 ceden-

77 2407 153 2461 tibus
171 2405 271 2458 auxilio
288 2410 478 2459 succurrerent
502 2411 532 2459 et
552 2407 709 2458 nostrorum
734 2406 858 2472 equitum
877 2405 929 2459 im-

76 2490 160 2554 petus
184 2482 357 2535 sustinerent.
395 2482 441 2535 Ab
465 2483 507 2535 his
532 2481 688 2551 complures
717 2481 752 2534 dc
781 2480 929 2550 improviso

77 2559 215 2614 vulnerati
227 2558 330 2626 proelio
343 2558 520 2612 excedebant.
557 2559 646 2622 Quum
660 2572 722 2610 suos
740 2573 831 2625 pugna.
849 2574 929 2626 supe·

76 2639 164 2691 riores
188 2652 248 2689 csse
274 2634 345 2688 Galli
368 2635 537 2689 confiderent
560 2638 590 2687 et
613 2636 723 2687 nostros
751 2633 929 2688 multitudine

19 2734 21 2739 ·
76 2713 166 2783 premi
178 2711 313 2776 uiderent,
332 2728 365 2764 ex
384 2711 509 2765 omnibus
526 2708 652 2779 partibus
670 2708 735 2763 etii
753 2710 800 2778 qui
817 2710 929 2764 muniti-

77 2789 175 2843 onibus
187 2787 403 2854 contiucbantur,
415 2791 445 2841 et
456 2787 476 2840 ii
488 2786 534 2854 qui
547 2786 583 2839 ad
595 2785 726 2839 auxilium
737 2790 928 2854 convenerant,

77 2866 196 2918 clamore
209 2868 238 2917 ct
249 2863 356 2916 ululatu
369 2879 479 2917 suorum
491 2863 593 2916 animos
605 2860 811 2915 confirmabant.
848 2863 929 2926 Quod

71 2943 102 2993 in
127 2943 277 3008 conspectu
300 2938 421 2993 omnium
444 2955 489 2993 res
512 2937 667 3006 gerebatur,
686 2953 777 3006 neque
796 2941 872 2991 recte
896 2956 929 2994 ac

62 3016 190 3082 turpiter
219 3017 327 3072 facturn
356 3016 442 3073 celari
470 3017 593 3089 peteret,
617 3016 751 3081 utresque
778 3017 808 3066 ct
838 3013 929 3070 laudis

48 3091 198 3154 cupfdgag
225 3097 256 3149 et
277 3097 368 3151 timor
387 3095 560 3168 ignominiae
577 3092 616 3147 ad
630 3091 767 3144 uirtutem
778 3087 946 3141 excitabant.

38 3160 136 3220 erum
149 3183 169 3221 a
184 3174 317 3230 meridie
330 3193 427 3248 prope
441 3176 484 3232 ad
501 3174 574 3231 solis
591 3183 724 3226 occasum
742 3162 828 3215 dulim
843 3159 964 3210 uictura.
