2018 3396
402 147 514 196 LIBER
530 147 610 198 VIII.
888 151 934 200 183

81 228 162 283 bonio
174 231 203 283 et
215 229 245 283 P.
258 227 369 283 Vatinio
378 227 419 298 [et
432 227 462 291 Q.
472 225 570 296 Tullio]
580 226 693 294 legatis:
706 227 774 282 duas
783 229 811 282 in
820 231 934 286 Aeduos

81 305 155 359 misit
166 321 281 373 quorum
293 304 322 358 in
334 303 408 357 omni
421 302 510 358 Gallia
524 319 657 356 summam
670 321 731 358 csse
742 307 933 362 auctoritatem

82 381 198 434 sciebat:
210 381 278 434 duas
289 381 318 434 in
330 379 446 434 Turonis
458 379 495 432 ad
507 381 575 434 fines
588 378 739 434 Carnutum
751 382 850 450 posuit,
863 400 933 451 quae

81 473 188 511 omnem
196 456 292 527 [illam]
299 457 438 526 regionem
447 457 620 526 conjunctam
631 456 739 510 Oceano
748 457 932 514 continerent:

81 532 150 587 duas
161 534 280 602 reliquas
292 534 320 588 in
332 533 506 587 Lemovicum
518 533 586 586 fines
598 549 652 586 non
661 532 741 598 longe
752 531 788 584 ab
799 534 932 587 Arvernis

81 625 116 663 nc
135 627 189 679 qua
208 627 272 679 pars
293 609 397 672 Galliae
415 625 500 663 vacua
515 609 551 662 ab
568 609 691 664 exercitu
712 611 791 661 esset.
827 608 932 662 Paucos

81 684 141 738 dies
149 687 208 754 ipsc
219 686 248 739 in
258 685 397 739 Provincia
405 689 535 754 moratus,
542 703 626 755 quum
636 684 762 738 celeriter
769 700 862 738 omnes
870 700 932 738 con-

80 765 178 815 ventus
196 761 417 829 percucurrisset.
434 761 558 830 publicas
576 760 775 816 controversias
793 760 931 828 cognoris-

81 841 131 905 set,
142 837 214 892 bono
230 837 335 892 meritis
351 838 472 906 praemia
484 837 634 903 tribuisset,
653 836 842 904 (cognoscendi
857 837 930 890 enim

80 914 225 967 maximam
239 914 398 968 facultatem
412 912 539 980 habebat,
556 913 630 981 quali
651 913 766 982 quisque
789 912 878 966 animo
902 913 930 965 ia

80 1004 139 1042 rem
162 990 296 1058 publicam
319 991 416 1044 fuisset
438 989 524 1043 totius
548 989 652 1043 Galliac
670 988 831 1055 defectione,
848 1005 929 1056 quam

81 1066 247 1119 sustinuerat
259 1065 393 1119 fidelitate
404 1068 488 1133 atque
500 1065 606 1118 auxiliis
617 1065 774 1131 Provinciae
786 1063 875 1130 illius)
887 1063 929 1117 his

80 1140 163 1194 rebus
174 1142 304 1194 confectis
316 1141 353 1193 ad
364 1141 484 1207 legiones
495 1140 524 1192 in
537 1140 662 1208 Belgu'um
678 1157 708 1193 sc
723 1138 823 1207 recipit
839 1139 929 1193 hiber-

80 1220 182 1284 natque
195 1217 221 1268 N
223 1219 420 1284 emetoceunae.

132 1297 174 1348 47.
210 1291 255 1344 lbi
267 1291 406 1359 cognoscit
419 1288 571 1343 Commium
582 1290 746 1345 Atrebatem
754 1290 857 1359 proelio
867 1306 928 1344 eum

80 1367 206 1436 equitatu
220 1382 268 1420 suo
285 1365 465 1421 contendisse.
501 1365 527 1417 N
529 1381 573 1418 am
590 1381 673 1433 quum
690 1366 829 1420 Antonius
844 1365 872 1418 in
888 1366 929 1419 hi-

79 1436 166 1496 berna
176 1443 297 1497 venisset
313 1442 462 1508 civitasque
476 1439 642 1495 Atrebatum
654 1441 682 1494 in
696 1441 783 1495 officio
796 1445 927 1508 maneret,

81 1518 225 1587 Commius,
249 1519 296 1588 qui
320 1520 383 1587 post
406 1517 480 1570 illam
502 1516 717 1571 vulnerationem
741 1533 822 1587 quam
846 1533 928 1587 supra

80 1595 288 1649 commemorari
300 1610 408 1663 semper
419 1594 456 1646 ad
467 1609 560 1646 omncs
571 1596 662 1646 motus
673 1597 786 1662 paratus
798 1594 853 1647 suis
864 1595 928 1647 civi-

79 1670 131 1725 bus
143 1688 203 1726 esse
216 1674 379 1737 consuesset,
391 1685 426 1723 ne
435 1668 547 1723 consilia
555 1668 621 1722 belli
630 1670 824 1737 quaerentibus
833 1672 928 1724 auctor

79 1763 216 1800 annorum
228 1747 340 1816 duxque
352 1745 466 1812 deesset,
475 1747 590 1814 parente
602 1744 731 1799 Romanis
743 1745 853 1799 civitate
866 1762 927 1799 cum

80 1823 136 1876 suis
152 1822 291 1890 equitibus
306 1839 338 1895 se
354 1837 471 1889 suosque
487 1819 635 1875 latrociniis
650 1820 749 1887 alebat,
765 1820 928 1890 infestisque

79 1898 223 1951 itineribus
236 1901 402 1952 commeatus
413 1897 566 1965 complures
578 1896 626 1965 qui
642 1895 883 1966 comportabantur
898 1897 927 1950 in

79 1973 193 2028 hiberna
205 1974 388 2027 Romanorum
400 1971 599 2040 intercipiebat.

133 2055 174 2104 48.
208 2050 277 2104 Erat
305 2049 455 2103 attributus
484 2048 606 2102 Antonio
628 2045 782 2115 praefectus
804 2047 927 2116 equitum

80 2124 110 2179 Ο.
122 2125 275 2179 Volusenus
292 2125 455 2191 Quadratus,
472 2123 519 2192 qui
538 2139 600 2177 cum
618 2139 651 2176 eo
669 2121 808 2177 hiemaret
846 2124 927 2178 Hunc

81 2200 217 2254 Antonius
235 2200 271 2253 ad
288 2199 505 2269 persequendum
523 2198 643 2254 hostium
661 2200 814 2268 cquItatum
831 2200 926 2254 mittit.

80 2275 234 2330 Volusenus
245 2280 336 2330 autem
349 2276 385 2329 ad
397 2292 458 2329 eam
468 2276 599 2329 virtutem
612 2291 682 2344 quae
694 2275 838 2344 singularis
849 2276 877 2329 in
893 2292 926 2330 eo

79 2356 140 2406 erat
151 2369 280 2420 magnum
292 2351 384 2405 odium
402 2352 517 2406 Commii
533 2351 710 2419 adjungebat,
727 2369 781 2420 quo
798 2351 926 2405 libentius

46 2415 53 2434 ⁶
79 2427 109 2480 id
121 2427 224 2481 faceret
235 2426 310 2495 quod
321 2427 512 2495 imperabatur.
549 2427 648 2493 Itaque
664 2425 804 2495 dispositis
820 2426 926 2480 insidiis

79 2503 187 2572 saepius
199 2502 259 2570 ejus
271 2505 378 2570 equites
396 2519 540 2571 aggressus
554 2503 673 2555 secunda
686 2502 789 2570 proella
801 2502 926 2557 faciebat.

80 2577 234 2631 Novissime
245 2595 329 2647 quum
341 2578 527 2632 vehementius
538 2576 758 2643 contenderetur,
770 2594 802 2630 ac
814 2578 927 2632 Voluse-

79 2669 131 2706 nus
153 2653 238 2721 ipsius
255 2653 444 2722 intercipiendi
463 2652 577 2707 Commii
594 2651 744 2720 cupiditate
761 2653 927 2721 pertinacius

80 2744 143 2781 eum
160 2745 222 2782 cum
239 2729 332 2799 paucis
347 2729 485 2783 insecutus
502 2731 583 2794 esset,
598 2727 644 2780 illo
660 2730 752 2781 autem
767 2728 832 2796 fuga
847 2729 927 2784 vehe-

79 2804 166 2858 menti
177 2804 344 2858 Volusenum
359 2804 465 2872 longius
480 2803 661 2873 produxisset,
677 2807 790 2872 repente
806 2805 926 2858 omnium

80 2895 190 2933 suorum
210 2883 317 2934 invocat
339 2879 422 2934 fidem
440 2883 524 2950 atque
541 2879 679 2947 auxilium,
697 2896 732 2933 ne
749 2897 799 2934 sua
815 2880 927 2934 vulnera

80 2955 195 3024 perfidia
206 2956 367 3025 interposita
378 2959 538 3026 paterentur
549 2955 864 3017 indta-„consessas
872 2961 953 3022 aare

77 3047 109 3085 se
119 3048 137 3086 a
149 3033 249 3089 ceteris
260 3034 400 3090 incautius
410 3033 559 3106 pemmttit
566 3033 604 3088 in
615 3028 821 3101 prastaam(
841 3008 975 3118 Vm&

68 3106 145 3163 idom
158 3127 255 3170 omnes
269 3113 334 3187 ejus
351 3115 480 3189 equites,
488 3123 668 3188 paucosque
679 3102 808 3155 nostros
822 3091 975 3192 {mk

60 3185 368 3266 atquoinscqnuntur.
386 3155 915 3256 commissincensnmeaamffi
