2018 3396
95 127 143 180 176
360 124 390 173 O.
406 124 511 174 JULII
527 125 703 175 CAESARIS

147 211 188 262 28.
223 206 385 276 Insequenti
396 209 478 262 nocte
490 206 592 261 Fabius
609 208 718 276 equites
734 177 891 278 praemittit
909 209 949 264 sic

95 285 207 352 paratos
218 285 251 336 ut
262 283 441 350 confligerent
457 286 541 353 atque
553 299 633 338 omne
651 301 749 354 agmen
766 290 948 352 morarentur,

97 359 163 412 dum
174 363 390 426 consequeretur
402 359 469 428 ipse.
496 358 582 427 Cujus
593 363 748 429 praeceptis
760 365 794 415 ut
810 378 856 416 res
871 379 950 430 gore-

97 430 181 492 retur,
202 426 234 490 Q.
253 428 338 480 Atius
356 427 448 481 Varus
470 429 627 496 praefectus
651 430 783 498 equitum,
803 430 950 498 singularis

95 505 126 556 et
137 502 220 556 animi
231 505 261 556 et
272 502 438 570 prudentiae
450 504 501 572 vir,
510 520 573 558 suos
583 504 720 573 hortatur,
727 522 881 575 agmenque
889 505 951 559 hos-

96 579 166 633 tium
185 583 346 633 consecutus
365 584 471 634 turmas
489 581 591 650 partim
609 581 716 634 idoneis
734 581 799 636 locis
819 581 949 651 disponit,

97 655 198 724 partim
211 655 335 724 equitum
351 655 485 724 proelium
497 655 653 711 committit.
675 657 807 713 Consistit
819 657 949 712 audacius

96 731 236 800 equitatus
248 731 368 785 hostium
384 731 594 786 succedentibus
606 732 659 787 sibi
669 733 817 803 peditibus,
829 734 878 802 qui
889 737 949 787 toto

96 807 206 875 agmine
217 805 398 860 subsistentes
410 808 549 876 equitibus
561 809 617 863 suis
629 813 725 863 contra
736 813 845 863 nostros
856 809 950 864 ferunt

97 883 235 937 auxilium.
273 883 319 935 lit
331 882 465 951 proelium
477 884 533 937 acri
545 885 708 940 certamine:
724 901 844 955 namque
861 888 924 939 nost
941 885 947 898 '

97 957 260 1027 contemptis
284 958 374 1027 pridie
395 960 533 1028 superatis
559 960 692 1028 hostibus,
713 978 798 1030 quum
819 960 949 1029 subsequi

96 1035 217 1103 legiones
235 1035 433 1103 meminissent,
449 1037 479 1089 et
497 1036 603 1104 pudore
617 1037 733 1091 cedendi
749 1040 779 1092 et
797 1036 949 1106 eupiditate

97 1128 147 1179 per
156 1127 187 1164 se
203 1109 364 1164 conficiendi
376 1110 473 1179 proelii
485 1111 632 1166 fortissime
641 1115 737 1166 contra
750 1112 859 1182 pedites
871 1129 949 1182 proe-

96 1187 214 1254 liantur;
232 1186 381 1255 hostesque
399 1186 466 1240 nihil
487 1186 603 1256 amplius
622 1188 760 1259 copiarum
776 1205 949 1243 accessurum

97 1263 250 1330 credentes,
276 1265 310 1316 ut
335 1263 425 1331 pridie
449 1266 639 1334 cognoverant,
669 1263 780 1318 delendi
809 1265 949 1332 equitatus

97 1338 185 1393 nostri
197 1339 270 1392 nacti
282 1339 448 1392 occasionem
460 1337 632 1393 videbantur.

150 1421 192 1470 29.
228 1415 318 1480 Quum
340 1413 507 1485 aliquamdiu
535 1431 641 1468 summa
669 1415 843 1469 contentione
872 1415 950 1469 dimi-

97 1495 215 1560 caretur,
228 1491 384 1545 Dumnacus
400 1490 514 1544 instruit
532 1491 619 1545 aciem
631 1507 702 1559 quae
714 1490 770 1544 suis
782 1493 857 1545 esset
874 1491 950 1560 equi·

98 1569 172 1623 tibus
204 1569 233 1622 in
263 1567 349 1622 vicem
378 1567 522 1635 praesidio.
565 1568 634 1621 Tum
662 1570 777 1636 repente
809 1568 950 1622 confertae

100 1645 220 1713 legiones
232 1643 260 1697 in
272 1646 448 1712 conspectum
465 1641 587 1697 hostium
604 1642 724 1696 veniunt
761 1642 867 1708 Quibus
885 1643 950 1698 visis

98 1716 950 1788 perculsaebarbarorumturmae,[ae]pcrtenitaeacieshosti-

98 1813 152 1864 um,
160 1794 324 1865 perturbato
335 1794 593 1863 impedimentorum
605 1794 714 1861 agmine
725 1809 824 1862 magno
831 1794 950 1848 clamore

99 1873 278 1941 discursuque
289 1870 390 1940 passim
402 1869 483 1937 fugae
492 1869 668 1924 semandant.
689 1869 825 1923 Atnostri
834 1870 949 1937 equites,

61 1978 69 1993 ·
99 1948 145 2015 qui
157 1946 248 2015 paullo
260 1950 325 2000 ante
337 1962 398 2000 cum
407 1944 599 2000 resistentibus
608 1944 756 1998 fortissime
763 1944 949 2012 conflixerant,

99 2024 205 2077 laetitia
220 2023 350 2077 victoriae
366 2021 439 2089 clati,
452 2035 552 2088 magno
568 2021 692 2090 undique
705 2020 823 2074 clamore
841 2019 950 2075 sublato

99 2099 261 2154 cedentibus
272 2097 435 2164 circumfusi,
448 2109 579 2164 quantum
595 2113 727 2165 equorum
736 2095 817 2173 ‘vires
834 2096 872 2149 ad
888 2112 951 2165 pcr-

100 2172 270 2243 sequendum
294 2172 463 2239 dextraeque
480 2171 517 2225 ad
534 2171 705 2225 caedendum
722 2171 822 2237 valent,
841 2174 950 2225 tantum

99 2267 133 2304 eo
160 2248 263 2318 proelio
286 2247 463 2303 interficiunt.
502 2247 602 2316 Itaque
625 2247 742 2320 amplius
767 2246 878 2300 milibus
906 2262 950 2302 ΧΠ

100 2329 148 2379 aut
165 2327 333 2378 armatorum
348 2326 397 2377 ant
411 2339 505 2377 eorum
519 2323 567 2392 qui
578 2323 678 2377 timore
689 2338 766 2376 arma
777 2321 951 2391 projecerant

99 2400 251 2457 interiectis
263 2399 350 2453 omnis
361 2398 509 2452 multitudo
521 2398 628 2466 capitur
639 2397 904 2467 impedimentorum.

152 2483 197 2532 30.-
212 2477 272 2541 Qua
283 2493 318 2530 ex
325 2475 390 2543 fuga
397 2491 481 2542 quum
491 2476 629 2527 constaret
639 2473 798 2543 Drappeten
806 2473 950 2538 Senonem,

101 2555 109 2607 (
111 2554 167 2622 qni,
179 2554 212 2606 ut
223 2553 342 2622 primum
355 2550 495 2604 defecerat
508 2549 603 2611 Gallia,
615 2548 736 2603 collectis
748 2548 872 2617 undique
889 2565 951 2617 pcr-

101 2630 168 2683 ditis
180 2627 343 2694 hominibus,
356 2626 442 2679 servis
454 2624 490 2678 ad
504 2625 661 2677 libertatem
680 2624 791 2688 vocatis,
809 2623 951 2677 exsulibus

101 2705 221 2757 oninium
240 2705 381 2757 civitatum
395 2700 515 2768 adscitis,
530 2699 648 2768 receptis
666 2699 818 2754 latronibus
835 2699 951 2768 impedi-

101 2783 194 2833 menta
206 2783 236 2833 ot
248 2781 416 2833 colurneatus
428 2777 614 2830 Romanorum
625 2775 820 2845 interceperat)
831 2791 884 2827 non
893 2792 951 2828 anr-

101 2855 173 2924 plius
186 2855 326 2908 hominnm
344 2869 367 2907 11
381 2852 491 2906 milibus
507 2869 541 2906 cx
558 2851 624 2918 fuga
641 2851 761 2905 collectis
779 2851 949 2906 Provinciam

90 2935 200 3000 petere,
216 2947 327 3001 unaque
339 2929 480 2985 consilium
491 2945 553 2982 cunr
571 2944 603 2980 eo
618 2927 776 2981 Lucterium
795 2926 950 2982 Cadurcum

78 3007 197 3076 cepisse,
221 3027 309 3080 quem
327 3007 474 3079 superiore
486 3003 679 3062 commentario
691 3004 782 3070 prima
796 3002 950 3056 defectione

63 3078 182 3135 Galliae
194 3087 298 3144 faeere
311 3089 339 3144 in
356 3085 544 3144 Provinciam
552 3075 966 3151 impetnniuninnsscognnnxn

45 3155 103 3220 θεῖ)
131 3157 284 3222 Caninius
307 3167 432 3239 legatus
456 3181 527 3222 cum
543 3154 710 3230 legionibus
724 3164 754 3203 u
767 3148 808 3200 ah
822 3161 874 3198 eos
885 3160 983 3210 hm·
