<?xml version="1.0" encoding="UTF-8"?>
<!DOCTYPE html PUBLIC "-//W3C//DTD XHTML 1.0 Transitional//EN"
    "http://www.w3.org/TR/xhtml1/DTD/xhtml1-transitional.dtd">
<html xmlns="http://www.w3.org/1999/xhtml" xml:lang="en" lang="en">
 <head>
  <title>
</title>
<meta http-equiv="Content-Type" content="text/html;charset=utf-8" />
  <meta name='ocr-system' content='tesseract 3.04.00' />
  <meta name='ocr-capabilities' content='ocr_page ocr_carea ocr_par ocr_line ocrx_word'/>
</head>
<body>
  <div class='ocr_page' id='page_1' title='image "./cjuliicaesarisc00caesgoog_0019.png"; bbox 0 0 2018 3396; ppageno 0'>
   <div class='ocr_carea' id='block_1_1' title="bbox 68 139 661 190">
    <p class='ocr_par' dir='ltr' id='par_1_1' title="bbox 68 139 661 190">
     <span class='ocr_line' id='line_1_1' title="bbox 68 139 661 190; baseline 0 0"><span class='ocrx_word' id='word_1_1' title='bbox 68 145 84 190; x_wconf 85' lang='grc'>6</span> <span class='ocrx_word' id='word_1_2' title='bbox 322 140 350 189; x_wconf 85' lang='lat' dir='ltr'>O.</span> <span class='ocrx_word' id='word_1_3' title='bbox 368 139 471 189; x_wconf 80' lang='lat' dir='ltr'>JULII</span> <span class='ocrx_word' id='word_1_4' title='bbox 488 139 661 190; x_wconf 77' lang='lat' dir='ltr'><strong>CAESARIS</strong></span> 
     </span>
    </p>
   </div>
   <div class='ocr_carea' id='block_1_2' title="bbox 8 218 996 3272">
    <p class='ocr_par' dir='ltr' id='par_1_2' title="bbox 8 218 920 2569">
     <span class='ocr_line' id='line_1_2' title="bbox 70 218 920 292; baseline 0 -17"><span class='ocrx_word' id='word_1_5' title='bbox 70 220 162 275; x_wconf 82' lang='lat' dir='ltr'>Aedui</span> <span class='ocrx_word' id='word_1_6' title='bbox 181 221 319 288; x_wconf 81' lang='lat' dir='ltr'>Aaroarri,</span> <span class='ocrx_word' id='word_1_7' title='bbox 337 218 487 284; x_wconf 66' lang='lat' dir='ltr'>necessarii,</span> <span class='ocrx_word' id='word_1_8' title='bbox 500 221 529 272; x_wconf 92' lang='lat' dir='ltr'>et</span> <span class='ocrx_word' id='word_1_9' title='bbox 544 220 735 287; x_wconf 81' lang='lat' dir='ltr'>consanguinei</span> <span class='ocrx_word' id='word_1_10' title='bbox 753 221 920 292; x_wconf 81' lang='lat' dir='ltr'><strong>Aeduorum,</strong></span> 
     </span>
     <span class='ocr_line' id='line_1_3' title="bbox 70 296 920 366; baseline 0.002 -16"><span class='ocrx_word' id='word_1_11' title='bbox 70 298 216 350; x_wconf 85' lang='lat' dir='ltr'>Caesarem</span> <span class='ocrx_word' id='word_1_12' title='bbox 232 296 377 350; x_wconf 78' lang='lat' dir='ltr'><strong>certiorem</strong></span> <span class='ocrx_word' id='word_1_13' title='bbox 392 296 496 350; x_wconf 85' lang='lat' dir='ltr'>iaciunt</span> <span class='ocrx_word' id='word_1_14' title='bbox 513 312 572 350; x_wconf 88' lang='lat' dir='ltr'>sese</span> <span class='ocrx_word' id='word_1_15' title='bbox 589 296 762 366; x_wconf 86' lang='lat' dir='ltr'>depopulatis</span> <span class='ocrx_word' id='word_1_16' title='bbox 777 298 851 365; x_wconf 84' lang='lat' dir='ltr'>agris</span> <span class='ocrx_word' id='word_1_17' title='bbox 866 315 920 352; x_wconf 92' lang='lat' dir='ltr'>non</span> 
     </span>
     <span class='ocr_line' id='line_1_4' title="bbox 68 371 920 442; baseline 0.005 -18"><span class='ocrx_word' id='word_1_18' title='bbox 68 373 148 427; x_wconf 86' lang='lat' dir='ltr'>facile</span> <span class='ocrx_word' id='word_1_19' title='bbox 166 371 202 425; x_wconf 90' lang='lat' dir='ltr'>ab</span> <span class='ocrx_word' id='word_1_20' title='bbox 222 373 328 442; x_wconf 78' lang='lat' dir='ltr'>oppidis</span> <span class='ocrx_word' id='word_1_21' title='bbox 346 371 542 427; x_wconf 85' lang='lat' dir='ltr'>vim-bostimn</span> <span class='ocrx_word' id='word_1_22' title='bbox 558 372 711 442; x_wconf 89' lang='lat' dir='ltr'>probibere.</span> <span class='ocrx_word' id='word_1_23' title='bbox 749 373 822 426; x_wconf 89' lang='lat' dir='ltr'>ltem</span> <span class='ocrx_word' id='word_1_24' title='bbox 844 375 920 428; x_wconf 90' lang='lat' dir='ltr'>Allo-</span> 
     </span>
     <span class='ocr_line' id='line_1_5' title="bbox 68 448 920 518; baseline 0.004 -17"><span class='ocrx_word' id='word_1_25' title='bbox 68 448 175 516; x_wconf 84' lang='lat' dir='ltr'>broges,</span> <span class='ocrx_word' id='word_1_26' title='bbox 184 449 231 517; x_wconf 88' lang='lat' dir='ltr'>qui</span> <span class='ocrx_word' id='word_1_27' title='bbox 243 454 321 503; x_wconf 87' lang='lat' dir='ltr'>trans</span> <span class='ocrx_word' id='word_1_28' title='bbox 334 449 496 502; x_wconf 83' lang='lat' dir='ltr'>Rhodanum</span> <span class='ocrx_word' id='word_1_29' title='bbox 505 448 578 503; x_wconf 84' lang='lat' dir='ltr'>vicos</span> <span class='ocrx_word' id='word_1_30' title='bbox 590 450 827 518; x_wconf 81' lang='lat' dir='ltr'>possessionesque</span> <span class='ocrx_word' id='word_1_31' title='bbox 838 450 920 504; x_wconf 78' lang='lat' dir='ltr'>habe</span> 
     </span>
     <span class='ocr_line' id='line_1_6' title="bbox 68 523 920 593; baseline 0.005 -16"><span class='ocrx_word' id='word_1_32' title='bbox 68 523 229 593; x_wconf 70' lang='lat' dir='ltr'>bertinga</span> <span class='ocrx_word' id='word_1_33' title='bbox 248 542 278 579; x_wconf 88' lang='lat' dir='ltr'>se</span> <span class='ocrx_word' id='word_1_34' title='bbox 297 525 334 578; x_wconf 88' lang='lat' dir='ltr'>ad</span> <span class='ocrx_word' id='word_1_35' title='bbox 354 525 501 580; x_wconf 85' lang='lat' dir='ltr'>Caesarem</span> <span class='ocrx_word' id='word_1_36' title='bbox 519 525 660 593; x_wconf 86' lang='lat' dir='ltr'>recipiunt,</span> <span class='ocrx_word' id='word_1_37' title='bbox 681 530 710 580; x_wconf 90' lang='lat' dir='ltr'>ct</span> <span class='ocrx_word' id='word_1_38' title='bbox 730 526 920 581; x_wconf 85' lang='lat' dir='ltr'>demonstrant</span> 
     </span>
     <span class='ocr_line' id='line_1_7' title="bbox 68 600 919 670; baseline 0.002 -16"><span class='ocrx_word' id='word_1_39' title='bbox 68 600 121 654; x_wconf 87' lang='lat' dir='ltr'>sibi</span> <span class='ocrx_word' id='word_1_40' title='bbox 132 604 244 669; x_wconf 84' lang='lat' dir='ltr'>praeter</span> <span class='ocrx_word' id='word_1_41' title='bbox 255 602 314 669; x_wconf 87' lang='lat' dir='ltr'>agri</span> <span class='ocrx_word' id='word_1_42' title='bbox 326 602 413 655; x_wconf 88' lang='lat' dir='ltr'>solum</span> <span class='ocrx_word' id='word_1_43' title='bbox 424 601 492 655; x_wconf 90' lang='lat' dir='ltr'>nihil</span> <span class='ocrx_word' id='word_1_44' title='bbox 504 617 564 655; x_wconf 90' lang='lat' dir='ltr'>csse</span> <span class='ocrx_word' id='word_1_45' title='bbox 576 601 681 670; x_wconf 88' lang='lat' dir='ltr'>reliqui.</span> <span class='ocrx_word' id='word_1_46' title='bbox 719 601 825 666; x_wconf 80' lang='lat' dir='ltr'>Quibus</span> <span class='ocrx_word' id='word_1_47' title='bbox 837 602 919 656; x_wconf 91' lang='lat' dir='ltr'>rebus</span> 
     </span>
     <span class='ocr_line' id='line_1_8' title="bbox 67 677 917 746; baseline 0.002 -17"><span class='ocrx_word' id='word_1_48' title='bbox 67 677 204 731; x_wconf 84' lang='lat' dir='ltr'>adductus</span> <span class='ocrx_word' id='word_1_49' title='bbox 228 679 329 732; x_wconf 77' lang='lat' dir='ltr'>Caesar</span> <span class='ocrx_word' id='word_1_50' title='bbox 347 695 401 732; x_wconf 91' lang='lat' dir='ltr'>nen</span> <span class='ocrx_word' id='word_1_51' title='bbox 423 677 638 746; x_wconf 84' lang='lat' dir='ltr'>exspectandum</span> <span class='ocrx_word' id='word_1_52' title='bbox 659 677 711 731; x_wconf 89' lang='lat' dir='ltr'>sibi</span> <span class='ocrx_word' id='word_1_53' title='bbox 731 680 829 733; x_wconf 86' lang='lat' dir='ltr'>statuit</span> <span class='ocrx_word' id='word_1_54' title='bbox 852 678 917 731; x_wconf 92' lang='lat' dir='ltr'>dum</span> 
     </span>
     <span class='ocr_line' id='line_1_9' title="bbox 67 752 919 822; baseline 0.006 -20"><span class='ocrx_word' id='word_1_55' title='bbox 67 752 192 806; x_wconf 85' lang='lat' dir='ltr'>erunibus</span> <span class='ocrx_word' id='word_1_56' title='bbox 203 753 321 806; x_wconf 84' lang='lat' dir='ltr'>fortunis</span> <span class='ocrx_word' id='word_1_57' title='bbox 332 754 465 808; x_wconf 80' lang='lat' dir='ltr'>sociorum</span> <span class='ocrx_word' id='word_1_58' title='bbox 477 753 669 822; x_wconf 76' lang='lat' dir='ltr'>consumptis</span> <span class='ocrx_word' id='word_1_59' title='bbox 660 771 689 808; x_wconf 95' lang='lat' dir='ltr'>m</span> <span class='ocrx_word' id='word_1_60' title='bbox 704 755 839 809; x_wconf 80' lang='lat' dir='ltr'>Santonos</span> <span class='ocrx_word' id='word_1_61' title='bbox 851 755 919 808; x_wconf 89' lang='lat' dir='ltr'>Hel-</span> 
     </span>
     <span class='ocr_line' id='line_1_10' title="bbox 65 826 326 898; baseline 0.012 -18.036"><span class='ocrx_word' id='word_1_62' title='bbox 65 826 133 881; x_wconf 74' lang='lat' dir='ltr'>&#39;sotii</span> <span class='ocrx_word' id='word_1_63' title='bbox 145 829 326 898; x_wconf 85' lang='lat' dir='ltr'>pervenirent.</span> 
     </span>
     <span class='ocr_line' id='line_1_11' title="bbox 8 904 918 973; baseline 0.003 -16"><span class='ocrx_word' id='word_1_64' title='bbox 8 924 41 967; x_wconf 63' lang='lat' dir='ltr'>fs</span> <span class='ocrx_word' id='word_1_65' title='bbox 120 909 159 958; x_wconf 80' lang='lat'>12.</span> <span class='ocrx_word' id='word_1_66' title='bbox 195 904 310 959; x_wconf 78' lang='lat' dir='ltr'>Flumen</span> <span class='ocrx_word' id='word_1_67' title='bbox 329 907 371 959; x_wconf 89' lang='lat' dir='ltr'>est</span> <span class='ocrx_word' id='word_1_68' title='bbox 386 909 467 972; x_wconf 85' lang='lat' dir='ltr'>Arar,</span> <span class='ocrx_word' id='word_1_69' title='bbox 480 904 554 973; x_wconf 86' lang='lat' dir='ltr'>qued</span> <span class='ocrx_word' id='word_1_70' title='bbox 570 905 700 973; x_wconf 88' lang='lat' dir='ltr'>perfines</span> <span class='ocrx_word' id='word_1_71' title='bbox 712 905 872 958; x_wconf 83' lang='lat' dir='ltr'>Aeduorum</span> <span class='ocrx_word' id='word_1_72' title='bbox 889 911 918 960; x_wconf 89' lang='lat' dir='ltr'>et</span> 
     </span>
     <span class='ocr_line' id='line_1_12' title="bbox 67 978 918 1050; baseline 0.005 -18"><span class='ocrx_word' id='word_1_73' title='bbox 67 978 273 1050; x_wconf 82' lang='lat' dir='ltr'>Sequanorum</span> <span class='ocrx_word' id='word_1_74' title='bbox 265 999 293 1036; x_wconf 92' lang='lat' dir='ltr'>m</span> <span class='ocrx_word' id='word_1_75' title='bbox 306 981 467 1035; x_wconf 85' lang='lat' dir='ltr'>Rhodanum</span> <span class='ocrx_word' id='word_1_76' title='bbox 480 981 566 1034; x_wconf 87' lang='lat' dir='ltr'>influit</span> <span class='ocrx_word' id='word_1_77' title='bbox 578 980 729 1034; x_wconf 86' lang='lat' dir='ltr'>incredibili</span> <span class='ocrx_word' id='word_1_78' title='bbox 745 981 866 1049; x_wconf 89' lang='lat' dir='ltr'>lenitate,</span> <span class='ocrx_word' id='word_1_79' title='bbox 878 983 918 1036; x_wconf 89' lang='lat' dir='ltr'>ita</span> 
     </span>
     <span class='ocr_line' id='line_1_13' title="bbox 66 1055 917 1126; baseline 0.005 -18"><span class='ocrx_word' id='word_1_80' title='bbox 66 1065 98 1109; x_wconf 89' lang='lat' dir='ltr'>ut</span> <span class='ocrx_word' id='word_1_81' title='bbox 110 1058 212 1112; x_wconf 89' lang='lat' dir='ltr'>oeulis</span> <span class='ocrx_word' id='word_1_82' title='bbox 205 1075 232 1111; x_wconf 92' lang='lat' dir='ltr'>m</span> <span class='ocrx_word' id='word_1_83' title='bbox 243 1060 335 1111; x_wconf 88' lang='lat' dir='ltr'>utram</span> <span class='ocrx_word' id='word_1_84' title='bbox 346 1064 454 1126; x_wconf 86' lang='lat' dir='ltr'>partem</span> <span class='ocrx_word' id='word_1_85' title='bbox 468 1056 536 1110; x_wconf 88' lang='lat' dir='ltr'>fluat</span> <span class='ocrx_word' id='word_1_86' title='bbox 548 1055 668 1123; x_wconf 85' lang='lat' dir='ltr'>judicari</span> <span class='ocrx_word' id='word_1_87' title='bbox 681 1073 735 1109; x_wconf 91' lang='lat' dir='ltr'>non</span> <span class='ocrx_word' id='word_1_88' title='bbox 751 1057 836 1124; x_wconf 89' lang='lat' dir='ltr'>possit</span> <span class='ocrx_word' id='word_1_89' title='bbox 837 1099 842 1109; x_wconf 95' lang='lat'>.</span> <span class='ocrx_word' id='word_1_90' title='bbox 881 1058 917 1112; x_wconf 91' lang='lat' dir='ltr'>ld</span> 
     </span>
     <span class='ocr_line' id='line_1_14' title="bbox 69 1131 916 1202; baseline 0.005 -19"><span class='ocrx_word' id='word_1_91' title='bbox 69 1132 188 1187; x_wconf 82' lang='lat' dir='ltr'>llclvetii</span> <span class='ocrx_word' id='word_1_92' title='bbox 200 1134 305 1187; x_wconf 87' lang='lat' dir='ltr'>ratibus</span> <span class='ocrx_word' id='word_1_93' title='bbox 317 1151 348 1188; x_wconf 91' lang='lat' dir='ltr'>ac</span> <span class='ocrx_word' id='word_1_94' title='bbox 359 1132 486 1186; x_wconf 79' lang='lat' dir='ltr'>lintribus</span> <span class='ocrx_word' id='word_1_95' title='bbox 493 1131 597 1199; x_wconf 88' lang='lat' dir='ltr'>junctis</span> <span class='ocrx_word' id='word_1_96' title='bbox 609 1132 768 1187; x_wconf 84' lang='lat' dir='ltr'>transibant.</span> <span class='ocrx_word' id='word_1_97' title='bbox 800 1133 854 1186; x_wconf 91' lang='lat' dir='ltr'>Ubi</span> <span class='ocrx_word' id='word_1_98' title='bbox 865 1151 916 1202; x_wconf 92' lang='lat' dir='ltr'>per</span> 
     </span>
     <span class='ocr_line' id='line_1_15' title="bbox 67 1209 916 1277; baseline 0.004 -16"><span class='ocrx_word' id='word_1_99' title='bbox 67 1209 253 1277; x_wconf 78' lang='lat' dir='ltr'>exploratores</span> <span class='ocrx_word' id='word_1_100' title='bbox 271 1209 372 1263; x_wconf 82' lang='lat' dir='ltr'>Caesar</span> <span class='ocrx_word' id='word_1_101' title='bbox 389 1210 490 1263; x_wconf 89' lang='lat' dir='ltr'>certior</span> <span class='ocrx_word' id='word_1_102' title='bbox 509 1209 598 1263; x_wconf 88' lang='lat' dir='ltr'>factus</span> <span class='ocrx_word' id='word_1_103' title='bbox 618 1213 660 1263; x_wconf 91' lang='lat' dir='ltr'>cst</span> <span class='ocrx_word' id='word_1_104' title='bbox 677 1214 734 1262; x_wconf 89' lang='lat' dir='ltr'>tres</span> <span class='ocrx_word' id='word_1_105' title='bbox 747 1209 806 1276; x_wconf 89' lang='lat' dir='ltr'>jam</span> <span class='ocrx_word' id='word_1_106' title='bbox 822 1215 916 1277; x_wconf 84' lang='lat' dir='ltr'>partes</span> 
     </span>
     <span class='ocr_line' id='line_1_16' title="bbox 65 1284 915 1354; baseline 0.002 -17"><span class='ocrx_word' id='word_1_107' title='bbox 65 1285 202 1354; x_wconf 85' lang='lat' dir='ltr'>copiarum</span> <span class='ocrx_word' id='word_1_108' title='bbox 214 1286 356 1340; x_wconf 86' lang='lat' dir='ltr'>Helvetios</span> <span class='ocrx_word' id='word_1_109' title='bbox 365 1285 394 1339; x_wconf 93' lang='lat' dir='ltr'>id</span> <span class='ocrx_word' id='word_1_110' title='bbox 404 1285 503 1339; x_wconf 85' lang='lat' dir='ltr'>flunren</span> <span class='ocrx_word' id='word_1_111' title='bbox 512 1284 706 1352; x_wconf 78' lang='lat' dir='ltr'>transduxisse,</span> <span class='ocrx_word' id='word_1_112' title='bbox 714 1288 841 1354; x_wconf 84' lang='lat' dir='ltr'>quartam</span> <span class='ocrx_word' id='word_1_113' title='bbox 849 1302 915 1339; x_wconf 84' lang='lat' dir='ltr'>vcro</span> 
     </span>
     <span class='ocr_line' id='line_1_17' title="bbox 65 1361 915 1429; baseline 0.006 -18"><span class='ocrx_word' id='word_1_114' title='bbox 65 1364 174 1429; x_wconf 84' lang='lat' dir='ltr'>partem</span> <span class='ocrx_word' id='word_1_115' title='bbox 192 1363 262 1416; x_wconf 87' lang='lat' dir='ltr'>citra</span> <span class='ocrx_word' id='word_1_116' title='bbox 280 1362 381 1416; x_wconf 87' lang='lat' dir='ltr'>flumen</span> <span class='ocrx_word' id='word_1_117' title='bbox 402 1361 511 1415; x_wconf 82' lang='lat' dir='ltr'>Ararim</span> <span class='ocrx_word' id='word_1_118' title='bbox 531 1362 664 1429; x_wconf 88' lang='lat' dir='ltr'>reliquam</span> <span class='ocrx_word' id='word_1_119' title='bbox 688 1378 753 1425; x_wconf 88' lang='lat' dir='ltr'>esse,</span> <span class='ocrx_word' id='word_1_120' title='bbox 773 1361 809 1414; x_wconf 88' lang='lat' dir='ltr'>do</span> <span class='ocrx_word' id='word_1_121' title='bbox 832 1363 915 1416; x_wconf 86' lang='lat' dir='ltr'>tertia</span> 
     </span>
     <span class='ocr_line' id='line_1_18' title="bbox 65 1436 914 1508; baseline 0.002 -19"><span class='ocrx_word' id='word_1_122' title='bbox 65 1438 156 1506; x_wconf 83' lang='lat' dir='ltr'>vigilia</span> <span class='ocrx_word' id='word_1_123' title='bbox 171 1455 233 1494; x_wconf 90' lang='lat' dir='ltr'>eum</span> <span class='ocrx_word' id='word_1_124' title='bbox 246 1439 397 1508; x_wconf 87' lang='lat' dir='ltr'>leglenibus</span> <span class='ocrx_word' id='word_1_125' title='bbox 412 1437 500 1492; x_wconf 85' lang='lat' dir='ltr'>tribus</span> <span class='ocrx_word' id='word_1_126' title='bbox 516 1454 531 1490; x_wconf 89' lang='lat' dir='ltr'>e</span> <span class='ocrx_word' id='word_1_127' title='bbox 546 1439 643 1491; x_wconf 88' lang='lat' dir='ltr'>castris</span> <span class='ocrx_word' id='word_1_128' title='bbox 656 1438 794 1505; x_wconf 77' lang='lat' dir='ltr'>profectus</span> <span class='ocrx_word' id='word_1_129' title='bbox 806 1436 842 1490; x_wconf 88' lang='lat' dir='ltr'>ad</span> <span class='ocrx_word' id='word_1_130' title='bbox 854 1454 914 1491; x_wconf 89' lang='lat' dir='ltr'>eam</span> 
     </span>
     <span class='ocr_line' id='line_1_19' title="bbox 65 1513 914 1584; baseline 0 -18"><span class='ocrx_word' id='word_1_131' title='bbox 65 1517 172 1580; x_wconf 72' lang='lat' dir='ltr'>purtem</span> <span class='ocrx_word' id='word_1_132' title='bbox 190 1516 316 1584; x_wconf 89' lang='lat' dir='ltr'>pervenit</span> <span class='ocrx_word' id='word_1_133' title='bbox 333 1532 402 1583; x_wconf 89' lang='lat' dir='ltr'>quae</span> <span class='ocrx_word' id='word_1_134' title='bbox 419 1513 539 1567; x_wconf 91' lang='lat' dir='ltr'>nondum</span> <span class='ocrx_word' id='word_1_135' title='bbox 554 1513 654 1567; x_wconf 89' lang='lat' dir='ltr'>flumen</span> <span class='ocrx_word' id='word_1_136' title='bbox 668 1513 822 1567; x_wconf 85' lang='lat' dir='ltr'>transierat.</span> <span class='ocrx_word' id='word_1_137' title='bbox 860 1514 914 1567; x_wconf 86' lang='lat' dir='ltr'>Eos</span> 
     </span>
     <span class='ocr_line' id='line_1_20' title="bbox 65 1589 913 1659; baseline 0.004 -19"><span class='ocrx_word' id='word_1_138' title='bbox 65 1589 211 1658; x_wconf 86' lang='lat' dir='ltr'>impeditos</span> <span class='ocrx_word' id='word_1_139' title='bbox 233 1594 263 1645; x_wconf 89' lang='lat' dir='ltr'>et</span> <span class='ocrx_word' id='word_1_140' title='bbox 285 1591 456 1659; x_wconf 79' lang='lat' dir='ltr'>inopinantes</span> <span class='ocrx_word' id='word_1_141' title='bbox 479 1589 625 1656; x_wconf 87' lang='lat' dir='ltr'>adgressus</span> <span class='ocrx_word' id='word_1_142' title='bbox 652 1605 778 1656; x_wconf 86' lang='lat' dir='ltr'>magnam</span> <span class='ocrx_word' id='word_1_143' title='bbox 806 1594 913 1658; x_wconf 85' lang='lat' dir='ltr'>partem</span> 
     </span>
     <span class='ocr_line' id='line_1_21' title="bbox 65 1664 912 1734; baseline 0 -16"><span class='ocrx_word' id='word_1_144' title='bbox 65 1683 159 1720; x_wconf 86' lang='lat' dir='ltr'>corum</span> <span class='ocrx_word' id='word_1_145' title='bbox 177 1667 310 1721; x_wconf 88' lang='lat' dir='ltr'>concidit:</span> <span class='ocrx_word' id='word_1_146' title='bbox 328 1666 425 1734; x_wconf 87' lang='lat' dir='ltr'>reliqui</span> <span class='ocrx_word' id='word_1_147' title='bbox 443 1681 503 1719; x_wconf 89' lang='lat' dir='ltr'>sese</span> <span class='ocrx_word' id='word_1_148' title='bbox 517 1665 599 1732; x_wconf 81' lang='lat' dir='ltr'>fugae</span> <span class='ocrx_word' id='word_1_149' title='bbox 613 1664 778 1718; x_wconf 84' lang='lat' dir='ltr'>mandarunt</span> <span class='ocrx_word' id='word_1_150' title='bbox 789 1668 873 1732; x_wconf 86' lang='lat' dir='ltr'>atque</span> <span class='ocrx_word' id='word_1_151' title='bbox 884 1666 912 1718; x_wconf 88' lang='lat' dir='ltr'>ia</span> 
     </span>
     <span class='ocr_line' id='line_1_22' title="bbox 23 1740 913 1808; baseline 0.002 -16"><span class='ocrx_word' id='word_1_152' title='bbox 23 1748 34 1773; x_wconf 83' lang='lat'><strong>⁰</strong></span> <span class='ocrx_word' id='word_1_153' title='bbox 63 1742 200 1808; x_wconf 85' lang='lat' dir='ltr'>proximas</span> <span class='ocrx_word' id='word_1_154' title='bbox 230 1742 310 1795; x_wconf 87' lang='lat' dir='ltr'>silvas</span> <span class='ocrx_word' id='word_1_155' title='bbox 339 1741 509 1795; x_wconf 75' lang='lat' dir='ltr'>abdidcrrmt.</span> <span class='ocrx_word' id='word_1_156' title='bbox 552 1740 581 1792; x_wconf 89' lang='lat' dir='ltr'>Is</span> <span class='ocrx_word' id='word_1_157' title='bbox 609 1755 697 1808; x_wconf 88' lang='lat' dir='ltr'>pagus</span> <span class='ocrx_word' id='word_1_158' title='bbox 726 1740 913 1808; x_wconf 85' lang='lat' dir='ltr'>appellabatur</span> 
     </span>
     <span class='ocr_line' id='line_1_23' title="bbox 64 1815 913 1884; baseline 0.001 -15"><span class='ocrx_word' id='word_1_159' title='bbox 64 1816 223 1884; x_wconf 53' lang='lat' dir='ltr'>&#39;siguinum</span> <span class='ocrx_word' id='word_1_160' title='bbox 240 1833 303 1870; x_wconf 86' lang='lat' dir='ltr'>nam</span> <span class='ocrx_word' id='word_1_161' title='bbox 316 1817 401 1870; x_wconf 91' lang='lat' dir='ltr'>omnis</span> <span class='ocrx_word' id='word_1_162' title='bbox 413 1817 508 1869; x_wconf 73' lang='lat' dir='ltr'>eisitas</span> <span class='ocrx_word' id='word_1_163' title='bbox 521 1815 649 1869; x_wconf 88' lang='lat' dir='ltr'>Helvetia</span> <span class='ocrx_word' id='word_1_164' title='bbox 659 1816 688 1869; x_wconf 92' lang='lat' dir='ltr'>in</span> <span class='ocrx_word' id='word_1_165' title='bbox 700 1820 817 1883; x_wconf 89' lang='lat' dir='ltr'>quatuor</span> <span class='ocrx_word' id='word_1_166' title='bbox 827 1833 913 1884; x_wconf 80' lang='lat' dir='ltr'>pagos</span> 
     </span>
     <span class='ocr_line' id='line_1_24' title="bbox 39 1890 911 1961; baseline 0.002 -18"><span class='ocrx_word' id='word_1_167' title='bbox 39 1954 42 1959; x_wconf 28' lang='grc' dir='ltr'>Ι</span> <span class='ocrx_word' id='word_1_168' title='bbox 63 1892 149 1945; x_wconf 73' lang='lat' dir='ltr'>dinsa</span> <span class='ocrx_word' id='word_1_169' title='bbox 160 1895 209 1946; x_wconf 86' lang='lat' dir='ltr'>cst</span> <span class='ocrx_word' id='word_1_170' title='bbox 248 1892 301 1946; x_wconf 90' lang='lat' dir='ltr'>Hie</span> <span class='ocrx_word' id='word_1_171' title='bbox 313 1909 398 1961; x_wconf 82' lang='lat' dir='ltr'>pagus</span> <span class='ocrx_word' id='word_1_172' title='bbox 409 1908 479 1944; x_wconf 91' lang='lat' dir='ltr'>unus</span> <span class='ocrx_word' id='word_1_173' title='bbox 491 1908 574 1959; x_wconf 90' lang='lat' dir='ltr'>quum</span> <span class='ocrx_word' id='word_1_174' title='bbox 589 1890 670 1944; x_wconf 94' lang='lat' dir='ltr'>domo</span> <span class='ocrx_word' id='word_1_175' title='bbox 687 1892 788 1944; x_wconf 84' lang='lat' dir='ltr'>exisset</span> <span class='ocrx_word' id='word_1_176' title='bbox 803 1895 911 1959; x_wconf 90' lang='lat' dir='ltr'>patrum</span> 
     </span>
     <span class='ocr_line' id='line_1_25' title="bbox 62 1966 913 2022; baseline 0.002 -2"><span class='ocrx_word' id='word_1_177' title='bbox 62 1970 218 2022; x_wconf 90' lang='lat' dir='ltr'>nostrorum</span> <span class='ocrx_word' id='word_1_178' title='bbox 231 1969 361 2022; x_wconf 86' lang='lat' dir='ltr'>memoria</span> <span class='ocrx_word' id='word_1_179' title='bbox 379 1968 407 2020; x_wconf 75' lang='lat' dir='ltr'>ll.</span> <span class='ocrx_word' id='word_1_180' title='bbox 417 1968 538 2021; x_wconf 80' lang='lat' dir='ltr'>Cassium</span> <span class='ocrx_word' id='word_1_181' title='bbox 551 1966 688 2021; x_wconf 89' lang='lat' dir='ltr'>consulem</span> <span class='ocrx_word' id='word_1_182' title='bbox 699 1967 874 2021; x_wconf 85' lang='lat' dir='ltr'>interfecerat</span> <span class='ocrx_word' id='word_1_183' title='bbox 884 1973 913 2022; x_wconf 89' lang='lat' dir='ltr'>et</span> 
     </span>
     <span class='ocr_line' id='line_1_26' title="bbox 63 2043 912 2111; baseline 0.001 -15"><span class='ocrx_word' id='word_1_184' title='bbox 63 2044 122 2111; x_wconf 87' lang='lat' dir='ltr'>ejus</span> <span class='ocrx_word' id='word_1_185' title='bbox 139 2044 289 2098; x_wconf 82' lang='lat' dir='ltr'>exercitum</span> <span class='ocrx_word' id='word_1_186' title='bbox 308 2043 358 2097; x_wconf 86' lang='lat' dir='ltr'>sub</span> <span class='ocrx_word' id='word_1_187' title='bbox 372 2044 470 2111; x_wconf 78' lang='lat' dir='ltr'>jugum</span> <span class='ocrx_word' id='word_1_188' title='bbox 488 2043 607 2096; x_wconf 88' lang='lat' dir='ltr'>miserat.</span> <span class='ocrx_word' id='word_1_189' title='bbox 645 2043 691 2097; x_wconf 88' lang='lat' dir='ltr'>Ita</span> <span class='ocrx_word' id='word_1_190' title='bbox 704 2043 760 2097; x_wconf 86' lang='lat' dir='ltr'>sive</span> <span class='ocrx_word' id='word_1_191' title='bbox 772 2059 843 2109; x_wconf 86' lang='lat' dir='ltr'>casu,</span> <span class='ocrx_word' id='word_1_192' title='bbox 856 2044 912 2097; x_wconf 78' lang='lat' dir='ltr'>sire</span> 
     </span>
     <span class='ocr_line' id='line_1_27' title="bbox 62 2119 912 2187; baseline 0 -14"><span class='ocrx_word' id='word_1_193' title='bbox 62 2121 171 2174; x_wconf 90' lang='lat' dir='ltr'>consilio</span> <span class='ocrx_word' id='word_1_194' title='bbox 182 2120 296 2174; x_wconf 89' lang='lat' dir='ltr'>deorum</span> <span class='ocrx_word' id='word_1_195' title='bbox 308 2119 506 2185; x_wconf 87' lang='lat' dir='ltr'>immortalium,</span> <span class='ocrx_word' id='word_1_196' title='bbox 519 2135 589 2187; x_wconf 88' lang='lat' dir='ltr'>quae</span> <span class='ocrx_word' id='word_1_197' title='bbox 602 2135 665 2187; x_wconf 86' lang='lat' dir='ltr'>pars</span> <span class='ocrx_word' id='word_1_198' title='bbox 677 2119 794 2172; x_wconf 86' lang='lat' dir='ltr'>civitatis</span> <span class='ocrx_word' id='word_1_199' title='bbox 812 2119 912 2173; x_wconf 84' lang='lat' dir='ltr'>Helva-</span> 
     </span>
     <span class='ocr_line' id='line_1_28' title="bbox 62 2194 912 2265; baseline -0.001 -15"><span class='ocrx_word' id='word_1_200' title='bbox 62 2196 117 2250; x_wconf 87' lang='lat' dir='ltr'>tiae</span> <span class='ocrx_word' id='word_1_201' title='bbox 130 2197 262 2265; x_wconf 81' lang='lat' dir='ltr'>insignem</span> <span class='ocrx_word' id='word_1_202' title='bbox 277 2196 459 2250; x_wconf 84' lang='lat' dir='ltr'>calamitatem</span> <span class='ocrx_word' id='word_1_203' title='bbox 474 2194 574 2263; x_wconf 90' lang='lat' dir='ltr'>populo</span> <span class='ocrx_word' id='word_1_204' title='bbox 590 2194 711 2248; x_wconf 83' lang='lat' dir='ltr'>Romano</span> <span class='ocrx_word' id='word_1_205' title='bbox 728 2195 866 2259; x_wconf 90' lang='lat' dir='ltr'>intulerat,</span> <span class='ocrx_word' id='word_1_206' title='bbox 879 2212 912 2249; x_wconf 88' lang='lat' dir='ltr'>ca</span> 
     </span>
     <span class='ocr_line' id='line_1_29' title="bbox 61 2270 911 2342; baseline 0 -17"><span class='ocrx_word' id='word_1_207' title='bbox 61 2272 187 2342; x_wconf 86' lang='lat' dir='ltr'>princeps</span> <span class='ocrx_word' id='word_1_208' title='bbox 198 2289 300 2341; x_wconf 87' lang='lat' dir='ltr'>peenas</span> <span class='ocrx_word' id='word_1_209' title='bbox 311 2272 448 2341; x_wconf 86' lang='lat' dir='ltr'>persolvit.</span> <span class='ocrx_word' id='word_1_210' title='bbox 487 2271 546 2334; x_wconf 83' lang='lat' dir='ltr'>Qua</span> <span class='ocrx_word' id='word_1_211' title='bbox 556 2271 585 2324; x_wconf 91' lang='lat' dir='ltr'>in</span> <span class='ocrx_word' id='word_1_212' title='bbox 601 2287 632 2324; x_wconf 88' lang='lat' dir='ltr'>re</span> <span class='ocrx_word' id='word_1_213' title='bbox 645 2270 745 2324; x_wconf 82' lang='lat' dir='ltr'>Caesar</span> <span class='ocrx_word' id='word_1_214' title='bbox 756 2288 810 2324; x_wconf 92' lang='lat' dir='ltr'>non</span> <span class='ocrx_word' id='word_1_215' title='bbox 824 2272 911 2325; x_wconf 90' lang='lat' dir='ltr'>solum</span> 
     </span>
     <span class='ocr_line' id='line_1_30' title="bbox 60 2347 911 2418; baseline 0 -17"><span class='ocrx_word' id='word_1_216' title='bbox 60 2348 181 2416; x_wconf 90' lang='lat' dir='ltr'>publicas</span> <span class='ocrx_word' id='word_1_217' title='bbox 193 2348 243 2402; x_wconf 91' lang='lat' dir='ltr'>sed</span> <span class='ocrx_word' id='word_1_218' title='bbox 255 2349 338 2402; x_wconf 87' lang='lat' dir='ltr'>etiam</span> <span class='ocrx_word' id='word_1_219' title='bbox 350 2349 470 2418; x_wconf 81' lang='lat' dir='ltr'>privatas</span> <span class='ocrx_word' id='word_1_220' title='bbox 481 2348 594 2416; x_wconf 86' lang='lat' dir='ltr'>injurias</span> <span class='ocrx_word' id='word_1_221' title='bbox 605 2347 681 2401; x_wconf 87' lang='lat' dir='ltr'>ultus</span> <span class='ocrx_word' id='word_1_222' title='bbox 698 2352 749 2415; x_wconf 86' lang='lat' dir='ltr'>est,</span> <span class='ocrx_word' id='word_1_223' title='bbox 762 2348 836 2417; x_wconf 88' lang='lat' dir='ltr'>quod</span> <span class='ocrx_word' id='word_1_224' title='bbox 851 2347 911 2416; x_wconf 89' lang='lat' dir='ltr'>ejus</span> 
     </span>
     <span class='ocr_line' id='line_1_31' title="bbox 61 2423 910 2493; baseline 0.001 -16"><span class='ocrx_word' id='word_1_225' title='bbox 61 2425 147 2478; x_wconf 86' lang='lat' dir='ltr'>soceri</span> <span class='ocrx_word' id='word_1_226' title='bbox 166 2425 196 2478; x_wconf 85' lang='lat' dir='ltr'>L.</span> <span class='ocrx_word' id='word_1_227' title='bbox 218 2424 323 2479; x_wconf 86' lang='lat' dir='ltr'>Pisonis</span> <span class='ocrx_word' id='word_1_228' title='bbox 341 2442 429 2491; x_wconf 83' lang='lat' dir='ltr'>avum,</span> <span class='ocrx_word' id='word_1_229' title='bbox 446 2424 476 2478; x_wconf 83' lang='lat' dir='ltr'>L.</span> <span class='ocrx_word' id='word_1_230' title='bbox 498 2423 625 2478; x_wconf 90' lang='lat' dir='ltr'>Pisonem</span> <span class='ocrx_word' id='word_1_231' title='bbox 643 2423 771 2493; x_wconf 87' lang='lat' dir='ltr'>legatum,</span> <span class='ocrx_word' id='word_1_232' title='bbox 791 2425 910 2493; x_wconf 80' lang='lat' dir='ltr'>Tigurini</span> 
     </span>
     <span class='ocr_line' id='line_1_32' title="bbox 60 2499 685 2569; baseline -0.002 -15"><span class='ocrx_word' id='word_1_233' title='bbox 60 2499 158 2554; x_wconf 89' lang='lat' dir='ltr'>eodem</span> <span class='ocrx_word' id='word_1_234' title='bbox 168 2500 272 2569; x_wconf 90' lang='lat' dir='ltr'>proelio</span> <span class='ocrx_word' id='word_1_235' title='bbox 284 2518 338 2569; x_wconf 93' lang='lat' dir='ltr'>que</span> <span class='ocrx_word' id='word_1_236' title='bbox 351 2501 473 2556; x_wconf 82' lang='lat' dir='ltr'>Cassium</span> <span class='ocrx_word' id='word_1_237' title='bbox 484 2501 685 2555; x_wconf 84' lang='lat' dir='ltr'>interfecerant.</span> 
     </span>
    </p>

    <p class='ocr_par' dir='ltr' id='par_1_3' title="bbox 63 2575 910 3029">
     <span class='ocr_line' id='line_1_33' title="bbox 114 2575 909 2646; baseline 0.005 -18"><span class='ocrx_word' id='word_1_238' title='bbox 114 2581 153 2631; x_wconf 83' lang='lat'>13.</span> <span class='ocrx_word' id='word_1_239' title='bbox 190 2575 252 2630; x_wconf 84' lang='lat' dir='ltr'>Hoc</span> <span class='ocrx_word' id='word_1_240' title='bbox 267 2577 370 2645; x_wconf 90' lang='lat' dir='ltr'>proelio</span> <span class='ocrx_word' id='word_1_241' title='bbox 386 2578 459 2631; x_wconf 74' lang='lat' dir='ltr'>tincto</span> <span class='ocrx_word' id='word_1_242' title='bbox 478 2578 598 2646; x_wconf 87' lang='lat' dir='ltr'>reliquas</span> <span class='ocrx_word' id='word_1_243' title='bbox 612 2577 702 2645; x_wconf 90' lang='lat' dir='ltr'>copias</span> <span class='ocrx_word' id='word_1_244' title='bbox 720 2576 909 2632; x_wconf 85' lang='lat' dir='ltr'>Helvetiorum</span> 
     </span>
     <span class='ocr_line' id='line_1_34' title="bbox 63 2653 908 2723; baseline 0.001 -17"><span class='ocrx_word' id='word_1_245' title='bbox 63 2656 92 2707; x_wconf 91' lang='lat' dir='ltr'>ut</span> <span class='ocrx_word' id='word_1_246' title='bbox 110 2654 240 2722; x_wconf 89' lang='lat' dir='ltr'>consequi</span> <span class='ocrx_word' id='word_1_247' title='bbox 256 2658 349 2722; x_wconf 84' lang='lat' dir='ltr'>posset</span> <span class='ocrx_word' id='word_1_248' title='bbox 368 2658 479 2723; x_wconf 88' lang='lat' dir='ltr'>pontem</span> <span class='ocrx_word' id='word_1_249' title='bbox 498 2655 526 2708; x_wconf 89' lang='lat' dir='ltr'>in</span> <span class='ocrx_word' id='word_1_250' title='bbox 544 2656 634 2708; x_wconf 83' lang='lat' dir='ltr'>Arare</span> <span class='ocrx_word' id='word_1_251' title='bbox 651 2653 804 2706; x_wconf 86' lang='lat' dir='ltr'>iaciendmn</span> <span class='ocrx_word' id='word_1_252' title='bbox 823 2658 908 2721; x_wconf 80' lang='lat' dir='ltr'>cruat,</span> 
     </span>
     <span class='ocr_line' id='line_1_35' title="bbox 68 2729 909 2798; baseline 0.001 -15"><span class='ocrx_word' id='word_1_253' title='bbox 68 2733 144 2798; x_wconf 74' lang='lat' dir='ltr'>itque</span> <span class='ocrx_word' id='word_1_254' title='bbox 154 2730 195 2784; x_wconf 90' lang='lat' dir='ltr'>ita</span> <span class='ocrx_word' id='word_1_255' title='bbox 205 2731 355 2784; x_wconf 87' lang='lat' dir='ltr'>exercitum</span> <span class='ocrx_word' id='word_1_256' title='bbox 367 2731 526 2785; x_wconf 85' lang='lat' dir='ltr'>transducit.</span> <span class='ocrx_word' id='word_1_257' title='bbox 558 2730 680 2785; x_wconf 83' lang='lat' dir='ltr'>Helvetii</span> <span class='ocrx_word' id='word_1_258' title='bbox 691 2729 834 2797; x_wconf 86' lang='lat' dir='ltr'>repentino</span> <span class='ocrx_word' id='word_1_259' title='bbox 849 2730 909 2797; x_wconf 87' lang='lat' dir='ltr'>ejus</span> 
     </span>
     <span class='ocr_line' id='line_1_36' title="bbox 74 2805 909 2877; baseline 0.002 -18"><span class='ocrx_word' id='word_1_260' title='bbox 74 2805 180 2860; x_wconf 87' lang='lat' dir='ltr'>dventu</span> <span class='ocrx_word' id='word_1_261' title='bbox 203 2808 339 2874; x_wconf 86' lang='lat' dir='ltr'>commoti,</span> <span class='ocrx_word' id='word_1_262' title='bbox 361 2824 443 2875; x_wconf 92' lang='lat' dir='ltr'>quum</span> <span class='ocrx_word' id='word_1_263' title='bbox 466 2808 497 2861; x_wconf 88' lang='lat' dir='ltr'>id</span> <span class='ocrx_word' id='word_1_264' title='bbox 520 2807 595 2877; x_wconf 88' lang='lat' dir='ltr'>quod</span> <span class='ocrx_word' id='word_1_265' title='bbox 618 2807 670 2876; x_wconf 90' lang='lat' dir='ltr'>ipsi</span> <span class='ocrx_word' id='word_1_266' title='bbox 694 2805 791 2859; x_wconf 88' lang='lat' dir='ltr'>diebus</span> <span class='ocrx_word' id='word_1_267' title='bbox 814 2806 909 2874; x_wconf 86' lang='lat' dir='ltr'>viginti</span> 
     </span>
     <span class='ocr_line' id='line_1_37' title="bbox 78 2881 909 2950; baseline 0 -14"><span class='ocrx_word' id='word_1_268' title='bbox 78 2883 211 2950; x_wconf 82' lang='lat' dir='ltr'>egerrime</span> <span class='ocrx_word' id='word_1_269' title='bbox 229 2884 410 2950; x_wconf 87' lang='lat' dir='ltr'>confecerant,</span> <span class='ocrx_word' id='word_1_270' title='bbox 421 2887 454 2938; x_wconf 88' lang='lat' dir='ltr'>ut</span> <span class='ocrx_word' id='word_1_271' title='bbox 472 2885 573 2938; x_wconf 87' lang='lat' dir='ltr'>flumen</span> <span class='ocrx_word' id='word_1_272' title='bbox 589 2883 744 2948; x_wconf 86' lang='lat' dir='ltr'>transirent,</span> <span class='ocrx_word' id='word_1_273' title='bbox 760 2881 837 2936; x_wconf 87' lang='lat' dir='ltr'>illum</span> <span class='ocrx_word' id='word_1_274' title='bbox 854 2899 909 2937; x_wconf 92' lang='lat' dir='ltr'>uno</span> 
     </span>
     <span class='ocr_line' id='line_1_38' title="bbox 82 2959 910 3029; baseline 0.002 -17"><span class='ocrx_word' id='word_1_275' title='bbox 82 2960 104 3012; x_wconf 88' lang='lat' dir='ltr'>ie</span> <span class='ocrx_word' id='word_1_276' title='bbox 121 2960 218 3015; x_wconf 86' lang='lat' dir='ltr'>fecisse</span> <span class='ocrx_word' id='word_1_277' title='bbox 235 2961 427 3027; x_wconf 87' lang='lat' dir='ltr'>intelligerent,</span> <span class='ocrx_word' id='word_1_278' title='bbox 440 2961 545 3029; x_wconf 86' lang='lat' dir='ltr'>legatos</span> <span class='ocrx_word' id='word_1_279' title='bbox 562 2959 598 3012; x_wconf 87' lang='lat' dir='ltr'>ad</span> <span class='ocrx_word' id='word_1_280' title='bbox 616 2977 678 3014; x_wconf 89' lang='lat' dir='ltr'>eum</span> <span class='ocrx_word' id='word_1_281' title='bbox 696 2960 817 3027; x_wconf 88' lang='lat' dir='ltr'>mittunt,</span> <span class='ocrx_word' id='word_1_282' title='bbox 832 2959 910 3028; x_wconf 89' lang='lat' dir='ltr'>cujus</span> 
     </span>
    </p>

    <p class='ocr_par' dir='ltr' id='par_1_4' title="bbox 88 3035 996 3272">
     <span class='ocr_line' id='line_1_39' title="bbox 88 3035 908 3106; baseline -0.001 -16"><span class='ocrx_word' id='word_1_283' title='bbox 88 3037 202 3104; x_wconf 84' lang='lat' dir='ltr'>gationis</span> <span class='ocrx_word' id='word_1_284' title='bbox 222 3036 316 3091; x_wconf 88' lang='lat' dir='ltr'>Divico</span> <span class='ocrx_word' id='word_1_285' title='bbox 334 3037 460 3106; x_wconf 87' lang='lat' dir='ltr'>princeps</span> <span class='ocrx_word' id='word_1_286' title='bbox 478 3036 537 3103; x_wconf 75' lang='lat' dir='ltr'>fuit</span> <span class='ocrx_word' id='word_1_287' title='bbox 553 3037 600 3106; x_wconf 88' lang='lat' dir='ltr'>qui</span> <span class='ocrx_word' id='word_1_288' title='bbox 618 3036 690 3090; x_wconf 91' lang='lat' dir='ltr'>bello</span> <span class='ocrx_word' id='word_1_289' title='bbox 709 3035 836 3091; x_wconf 78' lang='lat' dir='ltr'>Cassiano</span> <span class='ocrx_word' id='word_1_290' title='bbox 852 3035 908 3089; x_wconf 83' lang='lat' dir='ltr'>dux</span> 
     </span>
     <span class='ocr_line' id='line_1_40' title="bbox 93 3111 996 3182; baseline 0.001 -16"><span class='ocrx_word' id='word_1_291' title='bbox 93 3113 251 3166; x_wconf 89' lang='lat' dir='ltr'>elvetiorum</span> <span class='ocrx_word' id='word_1_292' title='bbox 263 3113 360 3167; x_wconf 85' lang='lat' dir='ltr'>inerat</span> <span class='ocrx_word' id='word_1_293' title='bbox 398 3112 428 3167; x_wconf 87' lang='lat' dir='ltr'>Is</span> <span class='ocrx_word' id='word_1_294' title='bbox 438 3114 551 3169; x_wconf 88' lang='lat' dir='ltr'>itacum</span> <span class='ocrx_word' id='word_1_295' title='bbox 564 3113 680 3168; x_wconf 78' lang='lat' dir='ltr'>Caesare</span> <span class='ocrx_word' id='word_1_296' title='bbox 691 3112 761 3182; x_wconf 87' lang='lat' dir='ltr'>ogit:</span> <span class='ocrx_word' id='word_1_297' title='bbox 774 3111 803 3166; x_wconf 85' lang='lat' dir='ltr'>Si</span> <span class='ocrx_word' id='word_1_298' title='bbox 813 3129 909 3181; x_wconf 87' lang='lat' dir='ltr'>pacem</span> <span class='ocrx_word' id='word_1_299' title='bbox 991 3167 996 3173; x_wconf 81' lang='grc'><em>,</em></span> 
     </span>
     <span class='ocr_line' id='line_1_41' title="bbox 97 3188 909 3272; baseline 0.005 -32"><span class='ocrx_word' id='word_1_300' title='bbox 97 3188 173 3241; x_wconf 73' lang='lat' dir='ltr'>nilus</span> <span class='ocrx_word' id='word_1_301' title='bbox 186 3189 327 3246; x_wconf 82' lang='lat' dir='ltr'>Romanus</span> <span class='ocrx_word' id='word_1_302' title='bbox 341 3206 402 3246; x_wconf 91' lang='lat' dir='ltr'>cum</span> <span class='ocrx_word' id='word_1_303' title='bbox 419 3191 553 3247; x_wconf 85' lang='lat' dir='ltr'>Ilelvetiis</span> <span class='ocrx_word' id='word_1_304' title='bbox 566 3190 716 3272; x_wconf 67' lang='lat' dir='ltr'>faceretis</span> <span class='ocrx_word' id='word_1_305' title='bbox 730 3205 790 3245; x_wconf 82' lang='lat' dir='ltr'>eam</span> <span class='ocrx_word' id='word_1_306' title='bbox 801 3191 909 3260; x_wconf 78' lang='lat' dir='ltr'>prrtern</span> 
     </span>
    </p>
   </div>
   <div class='ocr_carea' id='block_1_3' title="bbox 0 0 1014 3396">
    <p class='ocr_par' dir='ltr' id='par_1_5' title="bbox 0 0 1014 3396">
     <span class='ocr_line' id='line_1_42' title="bbox 0 0 1014 3396; baseline 0 3"><span class='ocrx_word' id='word_1_307' title='bbox 0 0 1014 3396; x_wconf 95' lang='lat' dir='ltr'> </span> 
     </span>
    </p>
   </div>
  </div>
 </body>
</html>
