2018 3396
390 326 508 383 nrsna
531 292 696 394 sannas„
723 372 728 382 .

480 512 580 557 ‚4¹-
744 496 755 521 ο

110 691 223 748 Maras
241 693 277 748 do
297 693 385 748 causis
404 693 505 750 Caesar
524 693 658 767 majorem
674 691 902 762 Galliaomotnm·
920 711 967 748 ex-

109 771 235 834 spectans
260 786 311 837 per
330 769 369 822 M.
387 769 518 839 Silanum,
540 771 568 824 (i.
589 771 743 825 Antistium
765 771 909 838 Reginum,
934 769 964 823 Τ.

111 843 235 904 Sextium
257 844 369 912 legatos·
382 846 519 900 delectum
540 846 651 913 habero
666 846 802 915 instituit;
827 845 908 899 simul
931 845 967 898 ab

111 918 158 972 On.
177 920 306 989 Pompeio
324 922 485 989 proconsule
501 923 580 990 petit,
595 923 722 991 quoniam
739 923 798 991 ipse
813 921 850 976 ad
867 921 966 974 urbem

108 1011 172 1048 enm
195 992 310 1065 imperio
335 999 376 1050 rei
401 998 527 1067 publicae
551 1016 632 1052 causa
653 1003 816 1069 remaneret,
839 1015 907 1067 quos
926 1015 966 1052 ex

110 1071 247 1140 Cisalpina
261 1073 351 1127 Gallia
360 1074 476 1127 consulis
486 1078 656 1128 sacramento
666 1075 826 1143 rogavisset,
840 1074 966 1143 adsigna

108 1149 252 1203 convenire
272 1155 301 1204 ct
323 1151 358 1204 ad
380 1169 409 1204 sc
427 1151 562 1219 proficisci
576 1150 707 1219 juberet3
721 1152 813 1218 magni
825 1151 965 1205 interesse

109 1223 192 1277 ctiam
208 1226 237 1279 in
253 1226 389 1295 reliquum
404 1231 514 1297 tempus
533 1227 568 1280 ad
587 1228 741 1295 opinionem
768 1227 873 1293 Galliae
894 1229 965 1293 exis-
984 1237 986 1242 '

109 1300 208 1354 timans
222 1305 313 1356 tantas
325 1303 413 1356 videri
432 1304 530 1367 ltaliae
544 1304 693 1369 *facultates
707 1309 752 1369 ut,
767 1304 791 1356 si
807 1305 880 1373 quid
892 1308 964 1358 essct

107 1376 136 1429 in
145 1373 216 1430 bello
226 1378 386 1433 detrimenti
396 1384 546 1448 acceptum,
557 1398 610 1434 non
620 1380 700 1433 modo
710 1365 740 1432 id
750 1380 832 1446 brevi
841 1383 964 1449 temporo

108 1455 241 1522 resarciri,
267 1456 316 1509 scd
343 1456 426 1509 etiam
452 1457 603 1526 majoribus
629 1456 724 1524 augeri
753 1457 838 1524 copiis
862 1461 962 1526 posset.

109 1530 189 1594 Quod
202 1547 286 1600 quum
299 1533 446 1601 Pompeius
458 1537 488 1587 ct
499 1533 540 1587 rei
551 1533 676 1601 publicae
688 1535 719 1585 ct
730 1533 866 1587 amicitiae
877 1533 963 1587 tribu-

108 1606 182 1673 isset,
204 1607 332 1661 celeriter
351 1609 474 1663 confccto
494 1626 546 1679 per
566 1626 629 1663 snos
649 1608 766 1675 delectu,
787 1609 877 1676 tribus
898 1612 962 1664 ante

108 1686 234 1737 exactam
251 1684 369 1738 hiemem
388 1689 418 1738 ct
435 1673 591 1748 constitutis
609 1688 638 1739 et
655 1685 783 1739 adductis
802 1684 961 1753 legionibus,
1000 1682 1002 1688 '

106 1760 299 1829 duplicatoque
324 1777 418 1815 earum
439 1762 591 1820 cohortium
612 1779 734 1829 nurnero,
752 1778 822 1830 quas
846 1778 908 1815 curn
929 1763 960 1826 Q.

108 1837 214 1890 Titurio
238 1837 376 1905 amiserat,
400 1841 429 1892 et
452 1839 594 1893 celeritate
618 1843 647 1892 et
671 1838 755 1906 copiis
778 1837 872 1891 docuit
895 1837 962 1907 quid

102 1912 201 1981 populi
214 1913 330 1968 Romani
342 1914 484 1983 disciplina
495 1919 580 1983 atque
592 1930 657 1982 opes
670 1917 793 1982 possent·
869 1968 870 1971 ,

160 1994 184 2044 2.
220 1989 373 2044 Interfecto
398 1990 596 2056 lnducionraro,
613 1994 645 2044 ut
668 1990 816 2055 docuimus,
841 1990 878 2044 ad
900 1990 961 2059 ejus

108 2066 273 2135 propinquos
285 2083 302 2119 a
314 2066 434 2120 Treviris
446 2067 592 2135 imperium
605 2066 736 2120 desertam.
773 2066 818 2119 llli
831 2067 960 2141 finitimos

109 2142 259 2195 Germanos
271 2142 417 2196 sollicitare
428 2146 457 2197 et
466 2143 606 2212 pecuniam
616 2143 737 2211 polliceri
746 2160 798 2195 non
809 2143 959 2197 desistunt:

31 2221 35 2226 '
108 2233 192 2285 quum
217 2217 252 2270 ab
271 2218 403 2286 proximis
422 2218 570 2287 impetrare
594 2235 648 2272 non
664 2223 792 2288 possent,
816 2219 959 2272 ulteriores

109 2296 226 2348 tentant.
270 2294 393 2348 Inventis
426 2295 561 2347 nonnullis
593 2295 750 2348 civitatibus
777 2293 959 2362 jurejurando

108 2368 180 2421 inter
199 2386 228 2423 so
249 2370 416 2436 confirmant,
439 2370 635 2440 obsidibusque
655 2371 690 2424 de
710 2370 832 2438 pecunia.
848 2374 958 2425 carent:

111 2443 297 2513 Ambiorigem
309 2445 361 2500 sibi
373 2446 502 2500 socictate
512 2449 541 2500 et
552 2446 664 2500 foedere
673 2446 834 2514 adjungunt.
855 2445 959 2509 Quibus

108 2520 190 2573 rebus
212 2521 329 2589 cognitis
353 2522 461 2591 Caesar,
484 2538 569 2590 quum
593 2521 714 2590 undiquc
740 2520 842 2573 bellum
868 2522 958 2588 parari

107 2596 222 2664 rideret,
236 2597 359 2665 Nervios,
373 2597 534 2652 Aduatucos
547 2614 579 2652 ac
592 2597 740 2664 Menapios,
754 2594 890 2664 adjunctis
903 2597 958 2650 Cis-

107 2672 235 2727 rhenanis
248 2672 373 2728 omnibns
386 2673 536 2741 Germanis,
553 2690 613 2727 esso
632 2673 660 2725 in
680 2672 769 2740 armis,
790 2672 910 2726 Senones
922 2673 958 2725 ad

108 2748 272 2818 imperatum
289 2766 343 2803 non
360 2750 453 2804 venire
471 2753 500 2803 et
518 2767 579 2803 curn
598 2747 762 2803 Carnutibus
780 2747 958 2816 finitimisque

108 2825 266 2879 civitatibus
284 2825 395 2879 consilia
414 2826 617 2892 communicare,
635 2841 652 2878 a
670 2823 789 2877 Treviris
807 2822 961 2877 Germanos

108 2900 211 2954 crebris
227 2901 417 2970 legationibus
441 2902 592 2971 sollicitari,
606 2901 749 2955 maturius
765 2898 826 2950 s'hh
841 2897 883 2946 he
894 2893 986 2941 *saxo

80 2983 82 2989 '
105 2976 277 3043 commodam
290 2979 410 3050 putavit.
954 2970 965 2982 ⁹

145 3056 170 3102 3.
209 3053 314 3126 ltaque
327 3059 459 3116 nondum
467 3061 571 3116 hieme
586 3057 727 3114 conlecta
735 3039 892 3119 aramma
903 3025 998 3091 mm*

140 3121 158 3163 9
