2018 3396
432 120 539 167 LIBER
556 120 593 169 11.
615 157 618 162 .
906 117 937 167 31

83 202 114 257 in
127 202 211 256 fidem
223 204 306 269 atque
318 200 346 255 ia
357 204 521 268 potestatem
534 201 627 270 populi
637 199 753 254 Romani
762 198 939 267 permitterc3

88 294 177 346 neque
191 294 221 332 sc
237 294 298 330 curn
315 276 428 344 reliquis
445 275 538 343 Belgis
556 276 724 331 consensisse
740 292 830 343 ireque
844 279 940 328 contra

88 354 220 422 populum
233 353 385 405 ltornanum
393 351 525 420 [omnino]
532 353 696 421 conjurasse,
704 355 869 420 paratosque
879 368 939 404 esse

15 474 22 488 .,
87 432 118 482 ct
136 428 244 481 obsides
262 428 328 479 dare
346 431 376 480 ct
393 427 529 495 imperata
543 429 632 482 iacere
647 432 676 482 et
692 427 800 496 oppidis
817 428 940 495 recipere

87 508 117 558 ct
141 505 277 557 frumento
296 503 453 571 ceterisque·
468 503 550 557 rebus
567 503 681 571 juvare;
708 502 827 570 reliquos
847 519 940 558 omnes
970 530 1002 551 o

88 580 188 647 Belgas
212 579 239 632 in
262 576 345 632 armis
368 595 436 645 csse,
458 579 663 648 Germanosque
683 579 729 647 qui
750 579 789 632 cis
814 578 939 632 Rhenum

25 689 28 694 -
87 655 207 709 incolant
236 670 296 708 seso
322 671 384 708 cunr
412 654 455 707 his
482 655 661 722 conjunxisse,
689 657 851 721 tantumque
879 671 939 708 esse

89 748 184 784 corum
198 731 317 784 omnium
332 730 452 783 furorem
471 734 502 783 ut
520 747 554 784 ne
573 731 730 784 Suessiones
750 730 869 797 quidem,
887 732 940 783 lra-

88 810 147 861 tres
165 808 432 875 consanguineosque
450 823 520 873 suos,
539 807 586 876 qui
604 807 701 861 eodem
715 806 780 874 jure
796 811 825 858 ct
842 805 939 859 iisdem

88 883 194 951 legibus
205 886 327 950 utantur,
342 900 427 936 unum
440 884 584 951 imperium
600 899 738 951 unumque
749 881 940 948 magistratum

88 977 150 1013 cum
170 961 236 1028 ipsis
260 959 386 1026 habeant,
409 959 551 1013 deterrere
569 959 709 1028 potuerint
732 958 798 1027 quin
815 973 877 1010 cnm
898 956 941 1011 his

89 1037 281 1091 consentirent,
592 1102 597 1110 ὴ

141 1117 164 1164 4.
185 1112 274 1176 Quum
289 1111 324 1165 ab
336 1111 379 1165 his
390 1114 536 1180 quaereret
549 1127 619 1178 quae
631 1111 756 1164 civitates
768 1113 941 1179 quantaeque

88 1187 212 1241 inarmis
224 1190 316 1240 essent
328 1189 357 1240 et
374 1186 443 1255 quid
454 1186 481 1238 in
496 1186 568 1239 bello
587 1189 706 1254 possent,
718 1186 756 1239 sic
772 1185 941 1254 reperiebat:

89 1261 235 1331 plerosque
253 1262 353 1329 Belgas
372 1278 431 1314 csse
450 1265 525 1314 ortos
543 1261 577 1314 ab
597 1261 740 1314 Germanis
759 1260 941 1329 Rhenumque

89 1337 241 1406 antiquitus
270 1337 443 1390 transductos
472 1339 587 1405 propter
618 1335 670 1389 loci
698 1336 869 1390 fertilitatem
901 1336 940 1389 ibi

90 1413 252 1480 consedisse,
272 1413 421 1481 Gallosque
439 1413 486 1480 qni
505 1429 538 1465 ca
555 1412 613 1466 loca
630 1413 779 1465 incolerent
796 1411 941 1480 expulisse,

90 1488 216 1557 solosque
239 1505 300 1542 csse
326 1489 373 1557 qui
396 1493 506 1557 patrum
530 1483 684 1542 nostrorum
711 1489 841 1541 memoria
867 1489 941 1541 omni

91 1565 179 1617 Gallia
201 1567 301 1619 vexata
324 1564 461 1617 Teutonos
486 1563 664 1632 Cimbrosque
691 1563 764 1616 intra
787 1563 855 1616 fines
878 1579 940 1616 suos

90 1639 197 1707 ingredi
214 1638 418 1709 prohibuerint;
443 1656 497 1707 qua
513 1655 547 1692 ex
561 1656 592 1692 re
608 1639 666 1691 lieri
684 1638 725 1691 uti
740 1654 833 1691 carrnn
849 1655 941 1692 rerum

90 1715 222 1768 memoria
233 1731 360 1783 magnam
372 1714 424 1768 sibi
435 1714 631 1767 anctoritatem¹
647 1729 813 1782 magnosque
830 1714 942 1783 spiritua

90 1792 165 1845 inre
183 1792 294 1845 militari
313 1794 458 1844 sumerent.
496 1790 538 1842 Dc
557 1807 669 1844 numero
692 1807 784 1843 corum
804 1790 894 1842 omnia
911 1807 974 1869 soff

78 1867 193 1922 vhabere
211 1868 354 1936 explorata
372 1867 451 1919 Romi
473 1865 606 1933 dicebant,
625 1870 772 1936 propterea
790 1866 863 1934 quod
880 1882 941 1935 pro-

91 1943 288 2012 pinquitatibus
301 1942 532 2010 affinitatibusque
541 1941 677 2010 conjuncti
687 1945 817 2010 quantam
827 1942 942 2011 quisquc

91 2019 295 2073 multitudinem
324 2020 352 2072 in
380 2019 514 2073 communi
542 2017 689 2085 Belgarum
715 2019 826 2073 concilio
852 2019 888 2072 ad
912 2019 942 2071 id

91 2095 193 2149 bellum
211 2094 348 2164 pollicitus
368 2095 405 2147 sit
422 2094 603 2162 cognoverint.
642 2093 791 2147 Plurimum
808 2095 881 2148 inter
895 2111 942 2148 ces

92 2170 249 2224 Bellovacos
262 2174 291 2224 ct
302 2171 405 2224 virtute
418 2173 446 2223 ct
460 2171 621 2224 anctoritate
634 2173 663 2223 et
678 2169 815 2222 hominum
829 2186 941 2223 numero

91 2246 196 2312 valere3
217 2245 267 2299 hos
281 2262 361 2315 posse
379 2245 511 2299 conficere
525 2249 631 2298 armata
646 2245 720 2298 milia
734 2251 850 2312 centum,
866 2245 942 2313 polli-

87 2322 160 2376 citos
184 2338 218 2374 cx
239 2338 271 2374 eo
294 2337 413 2374 numero.
432 2322 519 2375 electa
542 2322 691 2389 sexaginta,
715 2323 853 2390 totiusque
877 2320 943 2375 belli

31 2435 33 2440 -
77 2417 82 2437 1
92 2397 238 2466 imperium
251 2396 302 2449 sibi
313 2397 459 2464 postulare.
488 2397 644 2451 Suessiones
656 2413 718 2452 snos
731 2415 790 2451 csse
799 2398 943 2461 finitimam

92 2472 160 2526 fines
171 2472 319 2526 latissimos
331 2472 564 2540 feracissimosque
580 2489 660 2540 agros
674 2473 821 2540 possidere.
859 2472 943 2541 Apud

93 2565 144 2636 eqs
164 2548 248 2602 fuisse
273 2564 367 2615 regem
391 2552 485 2601 nostra
508 2549 591 2602 ctiam
615 2549 747 2601 memoria
771 2548 943 2615 Divitiacum,

93 2623 179 2676 totius
196 2623 300 2678 Galliac
318 2623 544 2692 potentissimum,
560 2624 606 2692 qui
624 2640 708 2692 quum
724 2640 839 2691 magnae
857 2625 944 2691 partis

93 2699 191 2752 harum
198 2714 346 2767 regionum,
355 2699 457 2751 tumet
438 2702 504 2751 tram
515 2699 689 2752 Britanniae
681 2715 825 2767 1mper1um
838 2700 893 2753 obt'
874 2704 945 2753 t·1nu

94 2775 162 2828 erit:
178 2791 249 2830 nunc
262 2790 321 2828 esse
333 2790 426 2841 rogem
440 2774 572 2828 Galbam:
590 2773 626 2826 ad
637 2773 709 2826 hunc
720 2778 832 2844 propter
839 2773 944 2842 justiti·
972 2786 984 2799 ²

94 2864 138 2902 am
153 2849 383 2918 prudentiamque
402 2865 478 2902 suam
494 2851 578 2902 totius
594 2849 658 2902 belli
674 2865 807 2903 summam
824 2850 944 2903 omnium

23 2977 26 2981 .
93 2924 235 2979 voluntate
247 2924 366 2989 deferri3
386 2925 486 2993 oppida
502 2924 604 2978 habere
623 2940 736 2978 numero
755 2940 804 2991 xri,
822 2925 945 3011 polliceri

94 3000 169 3073 milia
184 3002 289 3053 anneta
301 2999 516 3087 quinquaginta3
534 2999 651 3054 tetidem
665 2999 690 3052 N
692 3016 789 3066 errros,
801 3000 850 3065 qui
860 3000 949 3050 nrm

32 3123 39 3131 .
94 3092 140 3129 me
156 3076 209 3131 feri
223 3075 315 3128 intcr'
307 3091 381 3144 ipsos
392 3074 548 3130 habeantur
557 3075 784 3144 longissimeque
792 3070 917 3124 desint
929 3077 974 3112 '1³

92 3150 223 3207 mibarlt
211 3149 345 3223 trebates,
360 3151 521 3211 Ambianos
534 3170 559 3210 x
573 3152 667 3208 milia
674 3147 893 3202 mesmes-ss
906 3131 1003 3181 iffi*
