2018 3396
82 127 130 178 170
338 123 367 171 G.
384 121 487 172 JULII
504 119 683 170 CAESARIS

80 223 137 276 qua
152 205 357 274 impedimenta.
393 203 517 268 Quorum
537 200 730 270 perturbatum
748 202 778 255 et
796 199 940 255 conlimum

80 283 148 337 dum
160 282 299 351 explicant
310 296 416 349 agmen,
428 295 530 347 magna
544 279 618 332 enim
632 276 782 332 multitudo
798 292 940 332 carrorum

80 359 165 412 etiam
187 357 332 426 expeditos
353 355 432 425 sequi
454 355 548 410 Gallos
565 354 715 421 consuerit,
734 354 859 422 oppressi
880 353 941 409 luce

79 435 165 503 copiis
176 437 346 488 armatorum
355 433 413 486 rias
420 448 471 501 pro
481 430 538 485 suis
546 431 688 485 instruunt
697 431 803 498 castris,
815 446 851 484 ne
862 431 941 499 prius

80 509 197 563 Romani
207 509 336 579 persequi
348 526 379 564 se
390 508 544 576 inciperent
556 524 639 576 quam
654 506 762 574 longius
774 523 875 575 agmen
890 507 941 561 im·

80 585 301 655 pedimoutorum
321 600 432 639 suerum
452 584 640 653 processisset.
676 585 718 636 At
731 582 833 637 Caesar
850 598 942 651 neque

80 663 243 716 resistentes
261 661 484 730 aggrediund0s[,
501 676 592 729 neque
609 658 751 734 cedentes]
768 663 847 714 tanto
865 659 941 714 collis

80 755 195 792 ascensu
218 736 415 807 [lacessendos]
432 735 586 805 judicabat,
604 753 694 805 neque
717 752 772 790 non
794 752 883 805 usque
906 751 941 790 eo

80 814 201 882 legiones
210 813 396 868 admovendas
404 816 437 867 ut
446 812 590 867 discedere
599 829 634 866 ex
644 812 742 866 eoloco
752 813 810 866 sine
818 811 941 881 periculo

80 883 190 943 barbari
208 889 344 944 militibus
364 888 534 943 instantibus
554 906 608 942 non
629 891 749 957 possent.
767 939 770 944 ,
787 889 834 943 lta
853 905 940 958 quum

80 965 181 1035 palude
189 965 454 1034 impeditaacastris
462 969 554 1019 castra
563 964 761 1032 dividerentur,
770 981 840 1034 quae
849 969 941 1019 trans-

81 1041 163 1095 eundi
182 1041 328 1095 difficultas
344 1041 515 1096 celeritatem
529 1040 692 1110 insequendi
706 1040 819 1094 tardare
835 1044 939 1110 posset,

80 1121 165 1186 atque
177 1115 326 1186 idjug1m1‚
338 1116 413 1186 quod
427 1120 505 1172 trans
521 1117 650 1186 paludem
665 1132 753 1186 paene
769 1115 806 1170 ad
818 1116 941 1170 hostium

80 1197 172 1247 castra
188 1194 351 1263 pertineret,
366 1193 498 1248 mediocri
513 1193 584 1247 valle
598 1209 615 1247 a
631 1193 729 1247 castris
745 1209 839 1246 eorum
855 1192 940 1246 inter-

80 1270 166 1324 cisum
190 1269 311 1325 animum
335 1269 503 1338 adverteret,
521 1268 652 1339 pontibus
675 1268 777 1337 palude
800 1272 942 1324 constrata

80 1345 202 1414 legiones
220 1346 377 1402 transducit
394 1346 577 1415 celeriterque
594 1345 624 1399 in
641 1361 776 1400 summam
796 1345 941 1414 planitiem

76 1420 139 1490 jugi
156 1423 289 1491 pervenit,
304 1438 375 1489 quae
393 1420 492 1476 declivi
506 1421 617 1490 fastigio
632 1419 739 1474 duobus
754 1421 790 1475 ab
806 1421 941 1476 lateribus

80 1499 262 1554 muniebatur.
294 1497 338 1552 lbi
349 1497 502 1567 legionibus
509 1499 651 1552 instructis
660 1499 697 1554 ad
705 1498 834 1553 ultimum
840 1497 941 1567 jugum

80 1575 215 1644 pervenit,
236 1575 378 1643 aciemque
402 1591 435 1628 eo
457 1574 517 1629 loco
540 1575 684 1630 constituit
704 1575 778 1629 unde
800 1577 942 1629 tormento

80 1651 164 1705 missa
174 1651 231 1706 tela
241 1651 270 1705 in
282 1651 402 1705 hostium
414 1666 514 1704 cuneos
525 1650 623 1718 conjici
634 1653 754 1720 possent.

135 1733 175 1782 15.
212 1726 330 1782 Barbari
344 1727 439 1781 conlisi
455 1726 508 1780 loci
523 1730 624 1781 natura
639 1744 723 1796 quum
738 1725 872 1781 dimicare
886 1742 941 1780 non

79 1809 246 1871 recusarent,
265 1805 288 1857 si
306 1803 379 1858 forte
398 1803 516 1856 Romani
533 1803 627 1858 subire
646 1804 744 1858 collem
766 1806 941 1872 conarentur,

80 1879 301 1949 paullatim[que]
310 1879 401 1948 copias
413 1879 576 1934 distributas
588 1879 731 1934 dimittere
740 1895 794 1932 non
804 1878 942 1934 auderent

80 1970 115 2008 ne
128 1954 245 2023 dispcrsi
257 1956 495 2024 perturbarentur,
504 1956 532 2009 in
544 1955 603 2010 acie
614 1958 834 2025 permanserunt.
870 1955 942 2020 Quo-

80 2045 142 2082 rum
164 2031 316 2098 pertinacia
338 2031 447 2099 cognita
470 2031 572 2087 Caesar
595 2031 693 2100 viginti
717 2029 877 2085 cohortibus
900 2031 941 2085 in-

29 2174 33 2182 .
81 2106 195 2159 structis
211 2107 365 2174 castrisque
379 2123 413 2160 eo
429 2107 488 2161 loco
503 2107 616 2162 metatis
631 2108 733 2162 muniri
744 2106 828 2175 jubet
842 2109 943 2183 castra

82 2180 225 2235 Absolutis
238 2182 367 2251 operibus
376 2183 498 2251 legiones
509 2200 561 2252 pro
570 2184 641 2237 vallo
652 2184 801 2238 instructas
809 2182 942 2248 colloeat;

81 2258 189 2327 equites
200 2258 315 2312 frenatis
327 2258 405 2328 equis
416 2259 445 2312 in
457 2260 624 2315 stationibus
638 2260 766 2329 disponit.
801 2258 943 2313 Bellovaci

80 2351 165 2402 quum
178 2333 315 2388 Romanos
327 2337 363 2388 ad
374 2335 574 2404 insequendum
585 2340 698 2405 paratos
706 2336 840 2402 viderent,
849 2351 943 2404 nequo

80 2414 243 2480 pernoctare
267 2411 325 2466 sine
349 2412 471 2481 periculo
496 2417 544 2466 aut
567 2411 674 2466 diutius
695 2427 858 2481 permanere
882 2412 942 2466 sine

80 2488 191 2541 cibariis
204 2487 301 2542 eodem
313 2488 372 2543 loco
384 2492 504 2557 possent,
514 2487 570 2542 tale
582 2489 721 2543 consilium
735 2487 777 2542 sui
788 2486 942 2556 recipiendi

80 2564 208 2618 inierunt.
239 2566 346 2631 llasces,
358 2565 400 2619 uti
414 2565 603 2630 consederant,
617 2567 832 2619 stramentorum
844 2580 877 2619 ac
888 2564 942 2619 vir·

79 2640 226 2706 gultorum,
251 2657 369 2710 quorum
393 2657 500 2694 summa
521 2643 582 2694 erat
605 2641 634 2694 in
658 2641 756 2695 eastris
779 2640 865 2709 copia,
889 2657 943 2710 per

80 2728 177 2768 manus
189 2717 303 2771 interae
316 2716 434 2771 traditos
450 2719 515 2770 ante
527 2716 613 2771 aciem
627 2717 836 2783 collocaverunt,
848 2720 942 2770 extre·

80 2804 180 2860 meque
192 2794 317 2862 temporo
330 2792 386 2847 diei
400 2793 477 2860 signo
492 2792 673 2861 pronunciato
686 2810 742 2847 uno
756 2797 883 2862 tempore
899 2793 943 2847 in·

79 2867 240 2921 cecderunt.
277 2869 323 2922 Ita
335 2869 475 2923 continens
487 2868 597 2922 flamma
611 2869 703 2938 copias
716 2885 812 2923 omnes
824 2872 943 2938 repente

78 2957 98 2994 a
114 2945 264 3013 conspectu
278 2945 350 2998 texit
368 2945 560 2999 Romanorum.
596 2945 676 3010 Quod
691 2946 739 3000 ubi
755 2945 862 3014 accidit,
878 2945 942 3000 bar-

71 3012 136 3074 bari
147 3021 394 3078 vehementissimo
406 3040 492 3080 eursu
502 3022 675 3094 relegerunt.

114 3103 153 3152 16.
191 3095 958 3173 Caesar,etsidiseessumhostiumammmnadsertere

49 3172 104 3221 ¹¹⁰³
113 3177 241 3242 poterat
251 3178 405 3239 incendiis
416 3181 577 3256 oppositis,
582 3175 726 3236 tanrenid
735 3169 882 3226 cens'xlxmn
887 3182 979 3231 quma
