2018 3396
396 117 509 169 LIBER
525 120 591 170 VII.
879 127 925 170 lsu

76 211 194 266 cedebat
213 212 350 266 Romanos
364 210 400 264 ad
414 209 613 279 insequendum
632 209 769 265 tardabat.
805 213 925 280 Jamque

76 286 127 341 boe
150 288 239 342 faeere
263 291 345 341 noctu
369 287 544 355 apparabant,
570 303 655 355 quum
678 291 780 342 matres
808 288 926 342 familiae

76 367 192 432 repente
203 364 232 417 in
243 363 382 432 publicum
399 366 601 432 procurrerunt,
617 363 769 432 flentesque
785 363 926 433 projectae

75 440 112 493 ad
123 440 209 509 pedes
227 456 337 494 suorum
353 439 479 492 omnibus
496 439 622 508 precibus
640 441 780 508 petierunt
798 458 832 494 ne
851 444 926 494 sect

76 532 234 570 communes
257 517 358 570 liberos
382 516 506 570 hostibus
530 517 566 570 ad
592 516 753 585 supplicium
783 517 925 584 dederent,

76 609 145 660 quos
158 592 195 646 ad
206 593 366 661 capiendam
378 593 471 660 fugam
485 598 600 648 naturae
616 598 645 647 ct
664 593 762 646 virium
781 589 926 648 infirmitas

75 670 230 737 impediret.
254 669 309 722 Ubi
322 686 367 722 ees
380 671 407 722 in
421 670 557 723 sententia
568 673 692 738 perstare
704 669 839 737 viderunt,
853 671 927 738 quod

75 746 237 816 plerumque
251 746 280 798 in
292 763 397 799 summo
410 746 530 814 periculo
542 746 624 799 timor
637 746 852 800 misericordiam
861 764 925 800 non

76 822 181 890 recipit,
205 823 372 876 conclamare
403 826 432 876 ct
462 822 614 890 significare
646 823 680 876 dc
711 824 776 890 iuga
796 824 926 878 Romanis

76 901 232 966 coeperunt.
268 899 326 963 Quo
340 898 437 951 timore
449 899 591 966 perterriti
604 899 682 968 Galli,
695 918 730 954 nc
747 900 782 953 ab
801 900 926 969 equitatu

77 972 262 1027 Romanonmi
274 975 334 1028 viae
346 979 617 1043 praeoccuparentur,
629 977 739 1050 consilio
751 977 925 1030 destiterunt.

129 1056 171 1106 27.
207 1051 321 1105 Postero
337 1050 390 1103 die·
402 1051 503 1104 Caesar
522 1055 647 1120 promota
666 1052 737 1105 turri
760 1053 925 1121 directisque
944 1046 947 1053 ’

76 1126 206 1196 operibus
226 1143 297 1195 quae
319 1128 410 1180 iacere
428 1127 594 1194 instituerat,
612 1145 710 1196 magno
730 1134 823 1182 coorto
844 1129 925 1182 imbri

75 1219 130 1255 non
141 1202 267 1256 inutilem
280 1203 349 1256 hanc
361 1203 397 1256 ad
410 1203 570 1272 capiendum
580 1204 720 1257 consilium
730 1208 925 1274 tempestatem

76 1279 233 1346 arbitratus,
258 1279 332 1347 quod
356 1278 447 1348 paullo
470 1278 605 1332 incautius
630 1280 767 1333 custodias
793 1281 821 1332 in
847 1297 925 1334 muro

76 1355 223 1425 dispositas
246 1355 365 1422 videbat,
390 1371 454 1408 snos
478 1371 586 1422 quoque
609 1355 764 1422 languidius
788 1356 815 1408 in
842 1373 925 1425 opere

75 1431 179 1485 versari
194 1431 287 1499 jussit,
307 1435 336 1484 et
357 1431 424 1498 quid
443 1431 503 1484 fieri
522 1430 606 1485 vellet
626 1431 754 1485 ostendit.
790 1432 924 1499 Legiones

75 1508 149 1562 intra
160 1508 252 1561 vineas
263 1509 291 1560 in
303 1506 409 1561 occulto
418 1506 562 1576 expedites
571 1507 730 1561 cohortatur
736 1512 769 1561 ut
778 1507 924 1576 aliquando
984 1555 986 1562 .

75 1601 126 1655 pro
143 1586 228 1638 tantis
242 1583 381 1636 laboribus
397 1584 516 1637 fructum
533 1583 663 1637 victoriae
677 1584 864 1653 perciperent:
883 1583 925 1637 his

76 1661 123 1729 qui
151 1661 231 1730 primi
261 1677 368 1713 murum
397 1660 604 1713 adscendissent
631 1661 753 1729 praemia
782 1661 923 1729 proposuit

75 1736 263 1805 militibusque
286 1737 393 1804 signum
417 1736 502 1790 dedit.
540 1736 585 1788 Illi
610 1737 705 1806 ¹subito
735 1748 770 1790 ex
799 1736 925 1790 omnibus

77 1812 201 1882 partibus
210 1813 385 1866 evolaverunt
397 1828 559 1880 murumque
572 1813 698 1866 celeriter
710 1813 923 1884 compleverunt.

128 1895 168 1942 28.
207 1888 310 1941 Hostes
330 1904 361 1942 re
382 1905 452 1941 nova
475 1890 622 1957 perterriti,
645 1905 723 1942 muro
747 1889 924 1956 turribusque

76 1964 185 2033 dejecti,
205 1965 233 2018 in
256 1965 314 2018 foro
338 1981 370 2018 ac
393 1965 459 2019 locis
482 1966 682 2035 patentioribus
703 1967 839 2020 cuneatim
863 1982 925 2018 con-

77 2042 214 2108 stiterunt,
227 2041 278 2094 hoe
290 2041 429 2109 animent,
445 2042 467 2094 si
484 2059 538 2110 qua
555 2059 590 2096 cx
607 2046 687 2111 parte
705 2042 811 2096 obviam
829 2045 925 2096 eontra

76 2117 223 2184 veniretur,
244 2117 302 2171 acio
320 2117 455 2172 instructa
475 2118 673 2189 depugnarent.
710 2118 767 2173 Ubi
786 2119 923 2172 neminem

75 2194 103 2246 in
127 2210 244 2263 aequum
268 2194 356 2247 locum
381 2211 441 2248 sese
465 2194 618 2259 demittere,
642 2195 693 2248 sed
715 2198 775 2248 toto
803 2196 924 2264 undique

76 2287 154 2322 muro
167 2270 345 2323 circumfundi
357 2269 493 2337 viderunt,
505 2271 586 2324 veriti
598 2287 633 2323 ne
645 2272 754 2324 omnino
766 2288 829 2340 spes
842 2272 924 2339 fugae

75 2347 227 2414 tolleretur,
251 2346 366 2415 abjectis
387 2346 469 2400 armis
493 2346 604 2400 ultimas
627 2347 721 2416 oppidi
745 2351 840 2416 partes
863 2363 925 2401 cen-

75 2423 174 2477 tinenti
194 2424 300 2493 impetu
314 2423 483 2518 petiverunt,
501 2439 620 2491 parsque
638 2421 682 2487 ibi,
703 2439 787 2489 quum
808 2425 924 2490 angusto

76 2502 216 2568 portarum
241 2500 318 2552 exitu
340 2515 369 2551 sc
393 2498 445 2566 ipsi
469 2501 634 2565 premerent,
657 2514 674 2550 a
697 2497 835 2564 militibus,
860 2515 924 2567 pars

73 2574 131 2642 jam
144 2591 252 2640 egressa
263 2573 352 2643 portis
363 2573 398 2625 ab
414 2571 551 2640 equitibus
567 2576 610 2626 cst
627 2572 785 2626 interfecta:
804 2591 853 2627 nee
871 2575 925 2627 fuit

77 2650 220 2718 quisquam
232 2651 279 2717 qui
288 2647 409 2718 praedae
418 2649 551 2701 studeret.
586 2647 924 2708 SieetGenabensicacdc

77 2729 106 2778 et
129 2724 222 2777 labore
246 2724 337 2794 operis
363 2724 469 2777 incitati
498 2741 552 2777 nen
581 2727 672 2778 aetate
702 2724 839 2791 conlectis,
870 2741 923 2777 non

75 2800 242 2865 mulieribus,
266 2817 320 2853 non
340 2799 490 2854 infantibus
512 2805 703 2870 pepercerunt.
739 2800 864 2870 Denique
889 2818 923 2854 ex

76 2877 149 2930 omni
162 2875 218 2945 [eo]
231 2893 350 2944 numero,
363 2877 410 2944 qui
422 2877 475 2930 fuit
487 2877 596 2930 circiter
608 2892 644 2930 xn
656 2876 767 2942 milium,
785 2877 830 2931 vix
848 2891 924 2942 nccc,

76 2953 123 3021 qui
144 2953 232 3021 prime
253 2953 371 3008 elamore
388 2953 481 3006 andito
500 2969 529 3006 se
547 2969 581 3006 ex
599 2953 701 3022 oppido
718 2953 940 3019 eiecsmutsxxx-

76 3028 196 3083 columes
216 3030 252 3084 ad
274 3029 538 3100 Vercingetorigem
558 3030 771 3100 peruenerunt.
803 3023 892 3081 Q&
905 3012 975 3060 ffi-

67 3105 155 3159 multa
162 3107 224 3175 jam
238 3113 323 3167 noete
336 3109 452 3167 silentio
463 3128 501 3166 cr
512 3111 588 3178 iuga
597 3095 917 3182 excepxbslfffmsm
930 3086 986 3193 ἓξ

57 3179 88 3234 in
104 3186 214 3295 icrasirls
241 3206 277 3244 ex
304 3207 413 3247 eorum
437 3202 595 3246 concursu
618 3184 657 3237 et
680 3160 912 3243 ffigmes‘ffi
