2018 3396
466 132 577 203 arnna
593 133 643 182 1v.
947 131 978 186 73

120 217 200 271 tanto
224 213 313 284 spatio
336 211 424 268 secuti
448 216 581 280 quantum
604 228 684 267 cursu
703 214 733 266 et
749 211 854 267 viribus
872 213 978 268 efficere

121 295 270 361 potuerunt
278 289 431 357 complures
443 305 478 341 er
493 288 528 340 iis
543 289 715 354 occideruut5
734 289 835 343 deinde
855 289 979 343 omnibus

121 369 202 436 longe
214 368 325 435 lateque
338 364 473 419 aedificiis·
479 364 597 417 incensis
609 381 639 417 se
651 364 678 416 in
690 368 780 418 castra
792 369 962 434 receperunt.
997 382 1005 417 2

174 451 214 500 36.
250 442 354 496 Eodem
367 441 412 494 die
423 441 508 508 legati
520 440 555 493 ab
566 439 691 494 hostibus
702 441 778 494 missi
788 441 824 494 ad
835 442 978 497 Caesarem

122 522 159 577 de
168 539 235 592 pace
247 522 388 573 venerunt.
426 516 478 569 llis
492 516 592 569 Caesar
603 532 747 569 numerum
759 516 884 570 obsidum
897 535 979 585 quem

122 606 187 652 ante
203 599 385 666 imperaverat
402 592 557 661 duplicavit,
571 608 672 659 eosque
691 593 719 645 in
738 594 919 646 continentem
932 595 980 648 ad-

124 669 980 743 ducijussit,quodpropinquadicacquinoctiiinfirmisnavibus

123 752 206 806 hiemi
219 751 419 818 navigationem
433 748 629 816 subjiciendam
638 765 691 801 non
700 747 878 802 existimabat.
916 748 980 816 ipsc

124 827 247 882 idoneam
261 829 454 894 tempestatem
466 828 562 877 nactus
575 824 656 892 paulo
668 828 731 893 post
743 825 860 878 mediam
872 829 979 878 noctem

123 920 205 959 naves
217 904 304 971 solvit,
312 919 382 972 quae
392 918 485 954 omnes
493 900 640 953 incolumes
648 900 684 952 ad
692 901 876 954 continentem
884 918 978 969 pervc-

124 983 238 1046 ncrunt3
251 980 300 1034 scd
313 996 347 1032 cx
361 979 394 1031 iis
406 978 546 1030 onerariae
560 977 630 1029 duae
645 977 756 1030 eosdem
774 993 841 1044 ques
857 978 978 1046 reliquae

124 1060 220 1124 portus
231 1073 329 1125 capere
341 1072 394 1107 non
407 1057 556 1123 potuerunt
568 1056 597 1106 et
608 1053 689 1121 paulo
702 1054 772 1106 infra
784 1055 892 1108 delatae
908 1063 979 1108 sunt.

177 1140 217 1190 37.
254 1133 359 1198 Quibus
371 1149 405 1185 ex
418 1131 531 1183 navibus
544 1148 627 1200 quum
641 1135 733 1185 assent
746 1132 863 1200 expositi
879 1130 981 1185 milites

125 1211 234 1263 circiter
252 1224 300 1263 cco
317 1215 401 1276 atquo
418 1208 446 1260 in
463 1211 554 1262 castra
571 1207 775 1273 contenderent,
793 1208 899 1274 Morini,
913 1224 981 1275 quos

126 1287 225 1340 Caesar
236 1286 265 1339 in
279 1284 448 1338 Britanniam
461 1284 634 1351 proficiscens
645 1287 755 1351 pacatos
766 1284 922 1352 reliquerat,
932 1301 981 1351 spe

125 1363 244 1430 praedae
261 1361 373 1415 adducti
391 1360 479 1426 primo
497 1376 551 1411 non
569 1360 609 1412 ita
626 1375 724 1426 magno
742 1375 850 1412 suorum
868 1376 981 1412 numero

125 1438 372 1503 circumsteterunt,
385 1435 451 1489 acsi
465 1452 525 1488 seso
537 1435 652 1488 interfici
670 1435 779 1503 nollent,
791 1453 866 1489 arma
879 1452 981 1503 ponere

121 1513 271 1580 jusserunt.
307 1514 396 1578 Quum
409 1512 448 1565 illi
464 1511 531 1565 orbe
548 1512 621 1566 iacto
638 1528 697 1565 sese
714 1512 899 1575 defenderent
914 1513 989 1578 cclc-

126 1586 238 1651 riter*
247 1591 390 1644 clamorem
401 1589 540 1642 hominum
551 1590 658 1643 circiter
667 1588 742 1641 milia
752 1604 780 1642 vr
790 1591 980 1642 convenerunt.

126 1667 186 1728 Qua
197 1683 228 1720 re
240 1667 365 1720 nuntiata
378 1666 477 1719 Caesar
490 1682 596 1719 omnem
610 1683 644 1719 ox
657 1665 753 1718 castris
765 1665 918 1733 equitatum
927 1665 982 1716 suis

126 1742 226 1795 auxilio
242 1742 324 1796 misit.
360 1743 476 1795 Interim
495 1741 580 1795 nostri
598 1742 700 1794 milites
716 1741 847 1809 impetum
864 1739 982 1793 hostium

126 1819 315 1871 sustinuerunt
332 1822 416 1886 atquc
434 1818 549 1884 amplius
567 1817 640 1870 boris
663 1832 692 1870 ιν
711 1817 857 1869 fortissime
880 1832 982 1884 pugna-

127 1897 223 1947 verunt
241 1894 374 1962 etpaucis
393 1892 551 1946 vulneribus
571 1893 688 1960 acceptis
708 1892 860 1960 complures
884 1908 917 1944 ex
942 1891 983 1943 bis

126 1969 290 2022 occiderunt.
329 1969 428 2022 Postea
441 1985 504 2022 vero
518 1985 598 2034 quam
614 1969 754 2036 equitatus
769 1971 863 2021 noster
878 1966 905 2020 in
924 1983 984 2019 con-

127 2049 250 2112 spectum
271 2046 354 2112 venit,
374 2045 467 2097 hostes
491 2043 607 2111 abjectis
631 2044 713 2097 armis
737 2047 815 2110 terga
838 2045 981 2095 verterunt

127 2138 296 2190 magnusque
309 2138 403 2176 eorum
415 2137 545 2174 numerus
558 2126 601 2173 est
613 2121 723 2173 occisus.

179 2203 220 2252 38.
256 2197 355 2251 Caesar
374 2201 485 2266 postero
503 2196 548 2249 dic
568 2196 597 2250 d.
618 2194 767 2248 Labienum
785 2194 906 2261 legatum
922 2208 984 2245 cum

127 2273 160 2326 iis
175 2273 326 2341 legionibus
345 2289 412 2342 quas
432 2289 466 2326 ex
486 2273 629 2327 Britannia
649 2271 796 2324 reduxerat
814 2269 843 2321 in
861 2269 983 2321 Morinos

127 2349 174 2416 qui
188 2349 362 2403 rebellionem
376 2330 594 2413 feccrarssrisit.
632 2347 683 2410 Qui
701 2363 784 2413 quum
802 2348 916 2413 propter
936 2344 986 2396 sic-

128 2425 224 2477 citates
243 2425 372 2492 paludum
393 2441 446 2493 quo
466 2439 495 2476 se
516 2424 672 2492 reciperent
690 2438 742 2473 non
767 2421 907 2488 haberent,
931 2434 985 2487 quo

127 2500 251 2567 perfugio
264 2501 402 2568 superiore
414 2518 485 2554 anno
498 2504 577 2553 erant
589 2500 638 2564 usi,
653 2515 745 2552 omncs
757 2498 814 2550 loro
827 2497 854 2548 in
868 2499 986 2564 potcsta-

128 2579 184 2627 tem
202 2576 314 2630 Labieni
331 2581 521 2647 pcrvencrunt.
558 2578 598 2631 At
618 2576 650 2640 Q.
664 2576 784 2628 Titurius
803 2581 832 2628 ct
854 2575 883 2628 L.
904 2573 986 2628 Cotta

128 2651 218 2719 legati,
228 2654 276 2722 qui
288 2654 314 2706 in
328 2654 517 2722 Menapiorum
531 2653 598 2707 fines
611 2653 731 2721 legiones
745 2652 887 2717 duxerant,
899 2649 985 2702 omni-

127 2727 180 2782 bus
203 2745 296 2783 corum
320 2732 392 2798 agris
413 2730 534 2795 vastatis,
556 2729 700 2783 frumentis
720 2728 836 2793 succisis,
856 2725 986 2780 aedificiis

127 2803 249 2871 incensis,
269 2805 343 2873 quod
368 2805 489 2873 Menapii
507 2821 537 2858 se
554 2822 648 2859 omnes
666 2805 693 2857 in
711 2803 885 2856 densissimas
905 2802 986 2855 silvas

127 2879 299 2948 abdiderant,
311 2897 341 2934 so
353 2882 389 2935 ad
402 2881 546 2936 Caesarem
558 2884 728 2948 receperunt.
765 2880 866 2933 Cacsar
877 2880 905 2932 in
923 2878 985 2932 Bel-

128 2956 170 3023 gis
181 2956 301 3009 omnium
318 2957 455 3026 legionum
472 2956 587 3011 hiberna
604 2957 752 3010 constituit.
790 2955 829 3009 Eo
847 2956 916 3009 duae
932 2972 987 3008 orn-

128 3030 193 3084 uino
213 3032 338 3086 civitates
360 3049 394 3086 or
418 3032 561 3086 Britannia
579 3031 687 3085 obsides
705 3031 846 3099 miserunt,
864 3030 986 3099 reliquae

128 3106 316 3175 neglexerunt.
352 3108 405 3162 His
422 3107 505 3161 rebus
521 3108 607 3176 gestis
622 3107 773 3160 extiteris
787 3107 926 3156 Quesax'xs
940 3103 1006 3147 uxe-

129 3197 188 3235 rurn
200 3182 297 3252 vignau
311 3184 480 3257 supplicatio
492 3201 513 3239 a
522 3188 627 3241 senatu
638 3181 761 3235 acerem
770 3180 828 3229 est.
