2018 3396
395 124 400 132 '
474 123 582 171 LIBER
599 123 620 172 I.
939 129 970 181 27

121 205 403 273 hostempropulsare,
413 203 524 256 tertiam
534 218 601 270 opus
613 205 745 272 perficere
752 205 845 274 jussit.
880 204 971 258 Muni-

121 282 158 334 tis
176 281 272 334 eastris
291 281 359 333 duas
377 279 416 332 ibi
434 278 555 346 legiones
574 279 686 348 reliquit
705 286 734 335 et
751 286 858 350 partem
875 281 971 334 auxili-

121 372 206 422 orum,
218 359 335 424 quatuor
346 355 465 423 reliquas
476 355 505 406 in
517 358 607 408 castra
619 355 723 424 majora
735 357 852 411 reduxit.

173 439 214 486 50.
250 433 378 486 Proximo
390 432 436 484 die
448 430 575 484 institute
588 448 637 484 suo
650 432 751 486 Caesar
760 449 776 486 e
785 432 881 487 castris
890 432 971 486 utris-

120 525 175 577 que
191 509 283 577 copias
302 525 364 561 suas
381 506 478 561 eduxit
494 507 659 574 paulumque
675 525 692 562 a
707 508 856 577 majoribus
872 509 971 562 eastris

119 600 280 652 progressus
298 584 384 636 aciem
400 581 539 647 instruxit,
556 581 681 636 hostibus
696 584 834 652 pugnandi
850 587 970 652 potesta-

119 663 178 713 tem
196 660 267 714 fecit.
304 659 360 713 Ubi
378 675 412 712 ne
430 661 490 712 tum
507 658 618 725 quidem
635 674 681 712 eos
697 660 807 728 prodire
825 660 969 725 intellexit,

119 735 229 789 circiter
252 735 395 788 meridiem
409 734 570 806 *exercitum
589 734 616 786 in
638 739 728 788 castra
749 735 866 789 reduxit.
901 735 969 788 'l'urn

119 811 231 864 demum
245 810 399 864 Ariovistus
411 812 519 877 partem
532 825 642 862 suarum
651 810 790 879 copiarum
800 827 871 879 quae
880 815 971 865 castra

120 887 225 939 minora
243 891 417 955 oppugnaret·
430 885 511 938 misit.
548 886 660 939 Acriter
675 887 815 955 utrimque
830 903 918 954 usque
934 886 970 940 ad

119 977 263 1030 vesperum
276 965 427 1029 pugnatum
439 963 488 1014 est.
526 960 596 1014 Solis
608 977 704 1015 occasu
716 978 779 1015 suas
789 962 880 1030 copias
890 961 970 1014 Ario

119 1035 206 1089 vistus
223 1037 319 1090 multis
335 1041 365 1091 et
382 1036 465 1089 illatis
481 1039 511 1089 et
526 1037 646 1104 acceptis
661 1038 819 1091 vulneribus
835 1038 863 1090 in
880 1041 970 1091 castra

119 1111 238 1166 reduxit.
274 1112 364 1177 Quum
376 1113 410 1166 e'x
423 1111 538 1181 captivis
555 1117 703 1180 quaereret
720 1113 820 1167 Caesar
836 1129 917 1182 quam
933 1112 969 1166 ob

119 1203 178 1240 rem
192 1187 348 1241 Ariovistus
359 1187 463 1256 proelio
478 1203 532 1240 non
549 1188 712 1256 decertaret,
728 1189 797 1242 hunc
814 1188 969 1257 reperiebat

119 1278 236 1330 eausam,
254 1263 329 1331 quod
348 1263 421 1332 apud
438 1263 589 1317 Germanos
605 1280 638 1317 ea
653 1264 821 1322 consuetudo
837 1267 917 1331 esset,
937 1269 969 1317 ut

119 1340 222 1391 matres
238 1338 357 1392 familiae
373 1355 467 1392 eorum
484 1338 604 1392 sortibus
620 1341 650 1392 et
666 1339 903 1393 vaticinationibus
921 1339 968 1392 do·

119 1413 262 1479 clarerent,
275 1418 368 1468 utrum
380 1414 514 1483 proelium
526 1415 661 1468 committi
673 1431 707 1468 ex
720 1430 772 1467 usu
784 1418 858 1469 esset
869 1430 967 1470 necne:

119 1505 166 1542 cas
178 1489 218 1543 ita
234 1489 338 1556 dicere3
354 1490 379 1543 N
382 1506 416 1542 on
432 1506 492 1544 esse
504 1490 545 1543 fas
557 1489 707 1543 Germanos
719 1506 856 1559 superare,
868 1490 891 1544 si
903 1495 968 1544 aute

119 1581 217 1618 nevam
228 1564 318 1618 lunam
330 1566 432 1634 proelio
444 1561 658 1620 contendissent.

171 1646 210 1694 51.
250 1640 386 1694 Postridie
407 1640 467 1708 ejus
486 1640 542 1694 diei
562 1641 663 1695 Caesar
682 1641 821 1710 praesidio
843 1642 968 1710 utrisque

119 1715 216 1770 castris
228 1716 302 1783 quod
314 1717 380 1770 satis
398 1733 458 1770 esse
469 1717 557 1769 visum
569 1719 613 1770 est
623 1717 749 1786 reliquit;
765 1734 859 1771 omnes
870 1718 967 1771 alarim

119 1791 145 1844 in
164 1795 311 1860 conspectu
329 1791 448 1845 hostium
466 1808 516 1860 pro
537 1792 634 1846 castris
650 1792 801 1846 minoribus
816 1794 966 1860 constituit,

119 1865 215 1936 quo[d]
238 1867 330 1920 minus
352 1867 530 1921 multitudine
546 1867 665 1922 militum
685 1869 896 1936 legionariorum
917 1887 967 1938 pru

118 1941 237 1996 bostium
249 1959 362 1996 numero
374 1943 491 2010 valebat,
502 1947 534 1997 ut
545 1943 581 1996 ad
594 1945 712 2013 speeiem
724 1945 816 2000 alariis
825 1948 967 2012 uteretur;

118 2017 177 2086 ipse
195 2018 295 2087 triplici
310 2019 444 2072 instructa
455 2019 513 2072 acie
529 2035 616 2088 usque
632 2020 668 2072 ad
684 2024 775 2074 castra
791 2021 909 2076 hostium
925 2037 966 2075 ae-

119 2094 207 2148 cessit.
244 2094 313 2148 Tum
331 2094 441 2148 demum
462 2095 614 2149 necessario
637 2096 766 2150 Germani
789 2113 852 2150 suas
874 2098 966 2166 copias

118 2169 215 2224 castris
231 2169 387 2224 eduxerimt
404 2171 609 2239 generatimque
627 2173 836 2239 constituerunt,
854 2173 965 2242 paribus

118 2245 275 2314 intervallis,
288 2246 425 2312 Harudes,
435 2247 630 2314 Marcomanos,
641 2247 791 2315 Triboecos,
800 2248 965 2316 Vangiones,

118 2320 258 2390 Nemetes,
285 2321 421 2389 Sedusios,
449 2321 560 2389 Suevos,
588 2339 750 2391 omnemque
776 2324 861 2376 aciem
889 2334 964 2377 suam

56 2422 68 2441 ο
117 2396 210 2451 rhedis
231 2400 260 2450 et
279 2398 364 2451 carris
385 2397 632 2465 circumdederunt,
650 2414 685 2452 ne
703 2415 758 2467 qua
775 2415 837 2467 spes
854 2398 883 2450 in
900 2398 966 2465 fuga

117 2472 322 2541 relinqueretur.
358 2473 399 2526 Ee
411 2473 539 2528 mulieres
550 2474 746 2542 imposuerunt,
759 2491 828 2543 quae
844 2473 872 2526 in
888 2490 964 2541 proc·

116 2548 183 2602 lium
205 2547 407 2617 proficiscentes
423 2549 511 2617 passis
529 2549 653 2603 manibus
670 2549 767 2603 flentes
784 2548 966 2617 implorabant

116 2639 151 2678 ne
163 2640 193 2678 ae
204 2623 233 2677 iu
245 2623 405 2678 servitutem
419 2624 547 2679 Romanis
558 2624 708 2678 traderent.

168 2704 210 2752 52.
248 2699 348 2753 Caesar
372 2700 484 2767 singulis
508 2699 660 2768 legionibus
677 2698 796 2766 singulos
813 2698 919 2766 legatos
936 2705 965 2752 et

116 2777 290 2842 quaestorem
301 2774 440 2843 praefecit,
452 2775 493 2828 uti
506 2791 553 2829 eos
567 2778 654 2828 testes
668 2791 733 2829 suae
750 2773 865 2842 quisque
881 2775 966 2828 virtua

116 2851 153 2902 tis
164 2849 292 2914 haberem
303 2851 362 2918 ipse
374 2866 391 2902 a
402 2849 500 2904 dextro
511 2866 601 2915 cornu,
613 2850 686 2918 quod
698 2865 759 2902 eam
770 2852 878 2917 partem
887 2848 967 2903 mini-

116 2939 161 2978 me
172 2924 279 2978 firmam
290 2924 410 2978 hostium
428 2941 487 2978 esso
506 2925 626 2978 animum
645 2924 810 2989 adverterat,
830 2925 966 2994 proelium

85 3012 90 3021 ·
115 2999 259 3055 commisit.
294 3000 339 3054 Ita
349 3001 435 3054 nostri
448 3001 548 3054 acriter
559 3001 587 3052 in
603 3000 695 3053 hostes
711 3001 789 3067 signo
802 3001 978 3060 deseme-

107 3078 176 3145 ,aun
187 3075 318 3144 iecerunt,
329 3076 422 3147 itaque
434 3077 530 3135 hostes
539 3078 662 3150 repente
673 3075 871 3140 celeriterque
876 3073 1004 3136 unffi·
