<?xml version="1.0" encoding="UTF-8"?>
<!DOCTYPE html PUBLIC "-//W3C//DTD XHTML 1.0 Transitional//EN"
    "http://www.w3.org/TR/xhtml1/DTD/xhtml1-transitional.dtd">
<html xmlns="http://www.w3.org/1999/xhtml" xml:lang="en" lang="en">
 <head>
  <title>
</title>
<meta http-equiv="Content-Type" content="text/html;charset=utf-8" />
  <meta name='ocr-system' content='tesseract 3.04.00' />
  <meta name='ocr-capabilities' content='ocr_page ocr_carea ocr_par ocr_line ocrx_word'/>
</head>
<body>
  <div class='ocr_page' id='page_1' title='image "./cjuliicaesarisc00caesgoog_0199.png"; bbox 0 0 2018 3396; ppageno 0'>
   <div class='ocr_carea' id='block_1_1' title="bbox 93 82 690 171">
    <p class='ocr_par' dir='ltr' id='par_1_1' title="bbox 93 82 690 171">
     <span class='ocr_line' id='line_1_1' title="bbox 93 82 690 171; baseline -0.007 -7"><span class='ocrx_word' id='word_1_1' title='bbox 93 115 140 164; x_wconf 83' lang='lat' dir='ltr'>iae</span> <span class='ocrx_word' id='word_1_2' title='bbox 351 113 380 162; x_wconf 90' lang='lat' dir='ltr'>e.</span> <span class='ocrx_word' id='word_1_3' title='bbox 398 109 500 163; x_wconf 84' lang='lat' dir='ltr'>Junn</span> <span class='ocrx_word' id='word_1_4' title='bbox 516 82 690 171; x_wconf 66' lang='lat' dir='ltr'>onnsa&#39;nrs</span> 
     </span>
    </p>
   </div>
   <div class='ocr_carea' id='block_1_2' title="bbox 88 189 950 496">
    <p class='ocr_par' dir='ltr' id='par_1_2' title="bbox 88 189 950 496">
     <span class='ocr_line' id='line_1_2' title="bbox 93 189 948 260; baseline -0.001 -13"><span class='ocrx_word' id='word_1_5' title='bbox 93 192 212 248; x_wconf 81' lang='lat' dir='ltr'>Senatus</span> <span class='ocrx_word' id='word_1_6' title='bbox 227 189 421 246; x_wconf 89' lang='lat' dir='ltr'>auctoritatem</span> <span class='ocrx_word' id='word_1_7' title='bbox 437 194 470 244; x_wconf 90' lang='lat' dir='ltr'>ut</span> <span class='ocrx_word' id='word_1_8' title='bbox 484 189 589 260; x_wconf 87' lang='lat' dir='ltr'>aliquid</span> <span class='ocrx_word' id='word_1_9' title='bbox 605 191 709 245; x_wconf 89' lang='lat' dir='ltr'>faceret</span> <span class='ocrx_word' id='word_1_10' title='bbox 727 190 818 260; x_wconf 90' lang='lat' dir='ltr'>potuit</span> <span class='ocrx_word' id='word_1_11' title='bbox 833 191 948 258; x_wconf 84' lang='lat' dir='ltr'>adduci;</span> 
     </span>
     <span class='ocr_line' id='line_1_3' title="bbox 88 266 947 336; baseline -0.001 -15"><span class='ocrx_word' id='word_1_12' title='bbox 88 266 234 336; x_wconf 87' lang='lat' dir='ltr'>judicabat</span> <span class='ocrx_word' id='word_1_13' title='bbox 245 266 319 322; x_wconf 91' lang='lat' dir='ltr'>enim</span> <span class='ocrx_word' id='word_1_14' title='bbox 335 266 430 321; x_wconf 89' lang='lat' dir='ltr'>liberis</span> <span class='ocrx_word' id='word_1_15' title='bbox 446 266 592 320; x_wconf 78' lang='lat' dir='ltr'><strong>sententiis</strong></span> <span class='ocrx_word' id='word_1_16' title='bbox 606 269 716 336; x_wconf 90' lang='lat' dir='ltr'>patrum</span> <span class='ocrx_word' id='word_1_17' title='bbox 731 267 947 336; x_wconf 84' lang='lat' dir='ltr'>conscriptorum</span> 
     </span>
     <span class='ocr_line' id='line_1_4' title="bbox 92 341 948 412; baseline 0 -14"><span class='ocrx_word' id='word_1_18' title='bbox 92 359 202 398; x_wconf 88' lang='lat' dir='ltr'>causam</span> <span class='ocrx_word' id='word_1_19' title='bbox 211 358 289 397; x_wconf 90' lang='lat' dir='ltr'>suam</span> <span class='ocrx_word' id='word_1_20' title='bbox 295 342 374 397; x_wconf 87' lang='lat' dir='ltr'>facile</span> <span class='ocrx_word' id='word_1_21' title='bbox 382 342 509 397; x_wconf 87' lang='lat' dir='ltr'>obtineri.</span> <span class='ocrx_word' id='word_1_22' title='bbox 528 341 600 395; x_wconf 87' lang='lat' dir='ltr'>Nam</span> <span class='ocrx_word' id='word_1_23' title='bbox 613 341 642 396; x_wconf 88' lang='lat' dir='ltr'>C.</span> <span class='ocrx_word' id='word_1_24' title='bbox 656 341 746 409; x_wconf 83' lang='lat' dir='ltr'>Curio,</span> <span class='ocrx_word' id='word_1_25' title='bbox 755 341 885 396; x_wconf 90' lang='lat' dir='ltr'>tribunus</span> <span class='ocrx_word' id='word_1_26' title='bbox 893 345 948 412; x_wconf 81' lang='lat' dir='ltr'>ple</span> 
     </span>
     <span class='ocr_line' id='line_1_5' title="bbox 92 417 950 496; baseline -0.001 -22"><span class='ocrx_word' id='word_1_27' title='bbox 92 419 143 488; x_wconf 89' lang='lat' dir='ltr'>bis,</span> <span class='ocrx_word' id='word_1_28' title='bbox 157 435 241 488; x_wconf 90' lang='lat' dir='ltr'>quum</span> <span class='ocrx_word' id='word_1_29' title='bbox 254 417 379 473; x_wconf 78' lang='lat' dir='ltr'>Caesaris</span> <span class='ocrx_word' id='word_1_30' title='bbox 390 434 500 472; x_wconf 87' lang='lat' dir='ltr'>causam</span> <span class='ocrx_word' id='word_1_31' title='bbox 513 417 730 485; x_wconf 73' lang='lat' dir='ltr'>dignitatemque</span> <span class='ocrx_word' id='word_1_32' title='bbox 744 417 950 496; x_wconf 69' lang='lat' dir='ltr'>defendendam</span> 
     </span>
    </p>
   </div>
   <div class='ocr_carea' id='block_1_3' title="bbox 68 493 965 3132">
    <p class='ocr_par' dir='ltr' id='par_1_3' title="bbox 93 493 949 1154">
     <span class='ocr_line' id='line_1_6' title="bbox 93 493 949 564; baseline -0.002 -14"><span class='ocrx_word' id='word_1_33' title='bbox 93 495 267 564; x_wconf 80' lang='lat' dir='ltr'>suscepisset,</span> <span class='ocrx_word' id='word_1_34' title='bbox 279 511 362 564; x_wconf 84' lang='lat' dir='ltr'>saepe</span> <span class='ocrx_word' id='word_1_35' title='bbox 375 497 436 548; x_wconf 86' lang='lat' dir='ltr'>erat</span> <span class='ocrx_word' id='word_1_36' title='bbox 450 493 563 548; x_wconf 84' lang='lat' dir='ltr'>Senatui</span> <span class='ocrx_word' id='word_1_37' title='bbox 578 493 723 561; x_wconf 91' lang='lat' dir='ltr'>pollicitus,</span> <span class='ocrx_word' id='word_1_38' title='bbox 736 493 759 548; x_wconf 93' lang='lat' dir='ltr'>si</span> <span class='ocrx_word' id='word_1_39' title='bbox 771 510 854 562; x_wconf 91' lang='lat' dir='ltr'>quem</span> <span class='ocrx_word' id='word_1_40' title='bbox 866 495 949 550; x_wconf 87' lang='lat' dir='ltr'>timor</span> 
     </span>
     <span class='ocr_line' id='line_1_7' title="bbox 93 569 948 639; baseline -0.001 -14"><span class='ocrx_word' id='word_1_41' title='bbox 93 588 232 626; x_wconf 87' lang='lat' dir='ltr'>armorum</span> <span class='ocrx_word' id='word_1_42' title='bbox 263 570 387 625; x_wconf 77' lang='lat' dir='ltr'>Caesaris</span> <span class='ocrx_word' id='word_1_43' title='bbox 417 569 547 639; x_wconf 89' lang='lat' dir='ltr'>laederet,</span> <span class='ocrx_word' id='word_1_44' title='bbox 580 569 640 638; x_wconf 90' lang='lat' dir='ltr'>[ct,]</span> <span class='ocrx_word' id='word_1_45' title='bbox 666 569 795 639; x_wconf 88' lang='lat' dir='ltr'>quoniam</span> <span class='ocrx_word' id='word_1_46' title='bbox 825 569 948 639; x_wconf 88' lang='lat' dir='ltr'>Pompeii</span> 
     </span>
     <span class='ocr_line' id='line_1_8' title="bbox 94 644 949 715; baseline 0 -15"><span class='ocrx_word' id='word_1_47' title='bbox 94 647 244 701; x_wconf 82' lang='lat' dir='ltr'>dominatio</span> <span class='ocrx_word' id='word_1_48' title='bbox 269 649 352 715; x_wconf 89' lang='lat' dir='ltr'>atque</span> <span class='ocrx_word' id='word_1_49' title='bbox 376 662 453 699; x_wconf 88' lang='lat' dir='ltr'>arma</span> <span class='ocrx_word' id='word_1_50' title='bbox 475 662 530 699; x_wconf 90' lang='lat' dir='ltr'>non</span> <span class='ocrx_word' id='word_1_51' title='bbox 555 644 698 699; x_wconf 91' lang='lat' dir='ltr'>minimum</span> <span class='ocrx_word' id='word_1_52' title='bbox 724 648 861 700; x_wconf 86' lang='lat' dir='ltr'>terrorem</span> <span class='ocrx_word' id='word_1_53' title='bbox 889 647 949 700; x_wconf 86' lang='lat' dir='ltr'>foro</span> 
     </span>
     <span class='ocr_line' id='line_1_9' title="bbox 93 720 948 790; baseline 0 -14"><span class='ocrx_word' id='word_1_54' title='bbox 93 723 238 786; x_wconf 85' lang='lat' dir='ltr'>inferrent,</span> <span class='ocrx_word' id='word_1_55' title='bbox 262 721 418 775; x_wconf 88' lang='lat' dir='ltr'>discederet</span> <span class='ocrx_word' id='word_1_56' title='bbox 442 724 561 789; x_wconf 90' lang='lat' dir='ltr'>uterque</span> <span class='ocrx_word' id='word_1_57' title='bbox 587 720 623 775; x_wconf 89' lang='lat' dir='ltr'>ab</span> <span class='ocrx_word' id='word_1_58' title='bbox 649 720 733 775; x_wconf 92' lang='lat' dir='ltr'>armis</span> <span class='ocrx_word' id='word_1_59' title='bbox 751 722 948 790; x_wconf 84' lang='lat' dir='ltr'>&#39;exercitusque</span> 
     </span>
     <span class='ocr_line' id='line_1_10' title="bbox 94 796 949 865; baseline 0.001 -15"><span class='ocrx_word' id='word_1_60' title='bbox 94 799 264 862; x_wconf 86' lang='lat' dir='ltr'>diruitteret;</span> <span class='ocrx_word' id='word_1_61' title='bbox 281 797 341 850; x_wconf 86' lang='lat' dir='ltr'>fore</span> <span class='ocrx_word' id='word_1_62' title='bbox 353 812 386 849; x_wconf 93' lang='lat' dir='ltr'>eo</span> <span class='ocrx_word' id='word_1_63' title='bbox 398 797 471 850; x_wconf 92' lang='lat' dir='ltr'>facto</span> <span class='ocrx_word' id='word_1_64' title='bbox 486 796 601 850; x_wconf 89' lang='lat' dir='ltr'>liberam</span> <span class='ocrx_word' id='word_1_65' title='bbox 614 800 644 851; x_wconf 91' lang='lat' dir='ltr'>et</span> <span class='ocrx_word' id='word_1_66' title='bbox 660 797 703 850; x_wconf 94' lang='lat' dir='ltr'>sui</span> <span class='ocrx_word' id='word_1_67' title='bbox 716 796 789 865; x_wconf 86' lang='lat' dir='ltr'>juris</span> <span class='ocrx_word' id='word_1_68' title='bbox 802 798 949 851; x_wconf 85' lang='lat' dir='ltr'>civitatem.</span> 
     </span>
     <span class='ocr_line' id='line_1_11' title="bbox 94 871 949 943; baseline -0.001 -16"><span class='ocrx_word' id='word_1_69' title='bbox 94 873 193 942; x_wconf 88' lang='lat' dir='ltr'>Neque</span> <span class='ocrx_word' id='word_1_70' title='bbox 217 872 268 926; x_wconf 90' lang='lat' dir='ltr'>hoo</span> <span class='ocrx_word' id='word_1_71' title='bbox 291 874 400 925; x_wconf 90' lang='lat' dir='ltr'>tantum</span> <span class='ocrx_word' id='word_1_72' title='bbox 424 871 562 940; x_wconf 89' lang='lat' dir='ltr'>pollicitus</span> <span class='ocrx_word' id='word_1_73' title='bbox 589 876 640 940; x_wconf 87' lang='lat' dir='ltr'>est,</span> <span class='ocrx_word' id='word_1_74' title='bbox 664 873 714 927; x_wconf 89' lang='lat' dir='ltr'>sed</span> <span class='ocrx_word' id='word_1_75' title='bbox 737 873 822 927; x_wconf 90' lang='lat' dir='ltr'>etiam</span> <span class='ocrx_word' id='word_1_76' title='bbox 845 890 895 943; x_wconf 91' lang='lat' dir='ltr'>per</span> <span class='ocrx_word' id='word_1_77' title='bbox 919 889 949 926; x_wconf 88' lang='lat' dir='ltr'>se</span> 
     </span>
     <span class='ocr_line' id='line_1_12' title="bbox 95 947 949 1016; baseline 0.001 -15"><span class='ocrx_word' id='word_1_78' title='bbox 95 948 288 1002; x_wconf 84' lang='lat' dir='ltr'>discessionem</span> <span class='ocrx_word' id='word_1_79' title='bbox 312 947 404 1000; x_wconf 90' lang='lat' dir='ltr'>facere</span> <span class='ocrx_word' id='word_1_80' title='bbox 427 947 534 1015; x_wconf 89' lang='lat' dir='ltr'>coepit;</span> <span class='ocrx_word' id='word_1_81' title='bbox 564 948 639 1016; x_wconf 90' lang='lat' dir='ltr'>quod</span> <span class='ocrx_word' id='word_1_82' title='bbox 662 965 697 1003; x_wconf 92' lang='lat' dir='ltr'>ne</span> <span class='ocrx_word' id='word_1_83' title='bbox 720 949 802 1003; x_wconf 91' lang='lat' dir='ltr'>ficret</span> <span class='ocrx_word' id='word_1_84' title='bbox 824 949 949 1002; x_wconf 89' lang='lat' dir='ltr'>eonsules</span> 
     </span>
     <span class='ocr_line' id='line_1_13' title="bbox 94 1021 948 1091; baseline 0.001 -14"><span class='ocrx_word' id='word_1_85' title='bbox 94 1024 229 1090; x_wconf 82' lang='lat' dir='ltr'>amicique</span> <span class='ocrx_word' id='word_1_86' title='bbox 246 1021 370 1091; x_wconf 87' lang='lat' dir='ltr'>Pompeii</span> <span class='ocrx_word' id='word_1_87' title='bbox 383 1021 535 1090; x_wconf 88' lang='lat' dir='ltr'>jusserunt,</span> <span class='ocrx_word' id='word_1_88' title='bbox 548 1026 634 1091; x_wconf 91' lang='lat' dir='ltr'>atque</span> <span class='ocrx_word' id='word_1_89' title='bbox 648 1024 687 1077; x_wconf 89' lang='lat' dir='ltr'>ita</span> <span class='ocrx_word' id='word_1_90' title='bbox 703 1040 763 1078; x_wconf 91' lang='lat' dir='ltr'>rem</span> <span class='ocrx_word' id='word_1_91' title='bbox 778 1024 948 1078; x_wconf 85' lang='lat' dir='ltr'>moderando</span> 
     </span>
     <span class='ocr_line' id='line_1_14' title="bbox 96 1100 288 1154; baseline -0.016 0"><span class='ocrx_word' id='word_1_92' title='bbox 96 1100 288 1154; x_wconf 87' lang='lat' dir='ltr'>discesserunt.</span> 
     </span>
    </p>

    <p class='ocr_par' dir='ltr' id='par_1_4' title="bbox 148 1173 949 1243">
     <span class='ocr_line' id='line_1_15' title="bbox 148 1173 949 1243; baseline 0.001 -13"><span class='ocrx_word' id='word_1_93' title='bbox 148 1182 189 1230; x_wconf 82' lang='grc'>53.</span> <span class='ocrx_word' id='word_1_94' title='bbox 224 1175 356 1243; x_wconf 85' lang='lat' dir='ltr'>Magnum</span> <span class='ocrx_word' id='word_1_95' title='bbox 368 1175 419 1228; x_wconf 90' lang='lat' dir='ltr'>hoc</span> <span class='ocrx_word' id='word_1_96' title='bbox 427 1173 615 1228; x_wconf 87' lang='lat' dir='ltr'>testimonium</span> <span class='ocrx_word' id='word_1_97' title='bbox 628 1173 746 1229; x_wconf 89' lang='lat' dir='ltr'>Senatus</span> <span class='ocrx_word' id='word_1_98' title='bbox 758 1179 819 1231; x_wconf 88' lang='lat' dir='ltr'>erat</span> <span class='ocrx_word' id='word_1_99' title='bbox 828 1176 949 1231; x_wconf 88' lang='lat' dir='ltr'>universi</span> 
     </span>
    </p>

    <p class='ocr_par' dir='ltr' id='par_1_5' title="bbox 71 1247 951 2001">
     <span class='ocr_line' id='line_1_16' title="bbox 71 1247 949 1323; baseline 0 -17"><span class='ocrx_word' id='word_1_100' title='bbox 71 1247 74 1255; x_wconf 82' lang='lat'>&#39;</span> <span class='ocrx_word' id='word_1_101' title='bbox 89 1252 312 1323; x_wconf 83' lang='lat' dir='ltr'>&#39;conveniensque</span> <span class='ocrx_word' id='word_1_102' title='bbox 324 1250 457 1319; x_wconf 86' lang='lat' dir='ltr'>superiori</span> <span class='ocrx_word' id='word_1_103' title='bbox 469 1250 549 1304; x_wconf 90' lang='lat' dir='ltr'>facto.</span> <span class='ocrx_word' id='word_1_104' title='bbox 580 1249 652 1303; x_wconf 87' lang='lat' dir='ltr'>Nam</span> <span class='ocrx_word' id='word_1_105' title='bbox 664 1251 810 1305; x_wconf 88' lang='lat' dir='ltr'>Marcellus</span> <span class='ocrx_word' id='word_1_106' title='bbox 823 1252 949 1321; x_wconf 85' lang='lat' dir='ltr'>proximo</span> 
     </span>
     <span class='ocr_line' id='line_1_17' title="bbox 96 1325 950 1396; baseline 0.001 -15"><span class='ocrx_word' id='word_1_107' title='bbox 96 1345 175 1395; x_wconf 91' lang='lat' dir='ltr'>anno,</span> <span class='ocrx_word' id='word_1_108' title='bbox 199 1344 283 1396; x_wconf 89' lang='lat' dir='ltr'>quum</span> <span class='ocrx_word' id='word_1_109' title='bbox 306 1326 480 1395; x_wconf 89' lang='lat' dir='ltr'>impugnaret</span> <span class='ocrx_word' id='word_1_110' title='bbox 509 1325 633 1379; x_wconf 82' lang='lat' dir='ltr'>Caesaris</span> <span class='ocrx_word' id='word_1_111' title='bbox 656 1325 829 1396; x_wconf 89' lang='lat' dir='ltr'>dignitatem,</span> <span class='ocrx_word' id='word_1_112' title='bbox 853 1332 950 1383; x_wconf 90' lang='lat' dir='ltr'>contra</span> 
     </span>
     <span class='ocr_line' id='line_1_18' title="bbox 81 1400 949 1477; baseline 0.001 -20"><span class='ocrx_word' id='word_1_113' title='bbox 81 1405 185 1477; x_wconf 30' lang='lat' dir='ltr'>&#39;legem</span> <span class='ocrx_word' id='word_1_114' title='bbox 207 1402 329 1472; x_wconf 85' lang='lat' dir='ltr'>Pompeii</span> <span class='ocrx_word' id='word_1_115' title='bbox 350 1405 380 1455; x_wconf 88' lang='lat' dir='ltr'>et</span> <span class='ocrx_word' id='word_1_116' title='bbox 404 1400 495 1455; x_wconf 78' lang='lat' dir='ltr'>Crassi</span> <span class='ocrx_word' id='word_1_117' title='bbox 519 1401 668 1456; x_wconf 86' lang='lat' dir='ltr'>rettulerat</span> <span class='ocrx_word' id='word_1_118' title='bbox 691 1405 756 1457; x_wconf 87' lang='lat' dir='ltr'>ante</span> <span class='ocrx_word' id='word_1_119' title='bbox 779 1407 889 1472; x_wconf 89' lang='lat' dir='ltr'>tempus</span> <span class='ocrx_word' id='word_1_120' title='bbox 913 1404 949 1458; x_wconf 90' lang='lat' dir='ltr'>ad</span> 
     </span>
     <span class='ocr_line' id='line_1_19' title="bbox 97 1475 949 1548; baseline 0.001 -16"><span class='ocrx_word' id='word_1_121' title='bbox 97 1480 227 1533; x_wconf 67' lang='lat' dir='ltr'>Seruatum</span> <span class='ocrx_word' id='word_1_122' title='bbox 252 1478 288 1532; x_wconf 88' lang='lat' dir='ltr'>de</span> <span class='ocrx_word' id='word_1_123' title='bbox 315 1476 440 1532; x_wconf 88' lang='lat' dir='ltr'>Caesaris</span> <span class='ocrx_word' id='word_1_124' title='bbox 467 1475 620 1545; x_wconf 83' lang='lat' dir='ltr'>provinciis,</span> <span class='ocrx_word' id='word_1_125' title='bbox 645 1478 844 1548; x_wconf 88' lang='lat' dir='ltr'>sententiisque</span> <span class='ocrx_word' id='word_1_126' title='bbox 868 1478 949 1534; x_wconf 90' lang='lat' dir='ltr'>dictis</span> 
     </span>
     <span class='ocr_line' id='line_1_20' title="bbox 97 1552 950 1624; baseline 0.001 -16"><span class='ocrx_word' id='word_1_127' title='bbox 97 1555 290 1608; x_wconf 85' lang='lat' dir='ltr'>discessionem</span> <span class='ocrx_word' id='word_1_128' title='bbox 308 1554 426 1608; x_wconf 87' lang='lat' dir='ltr'>faciente</span> <span class='ocrx_word' id='word_1_129' title='bbox 444 1552 582 1621; x_wconf 89' lang='lat' dir='ltr'>Marcello,</span> <span class='ocrx_word' id='word_1_130' title='bbox 595 1553 644 1622; x_wconf 92' lang='lat' dir='ltr'>qui</span> <span class='ocrx_word' id='word_1_131' title='bbox 662 1554 714 1608; x_wconf 89' lang='lat' dir='ltr'>sibi</span> <span class='ocrx_word' id='word_1_132' title='bbox 734 1571 843 1609; x_wconf 90' lang='lat' dir='ltr'>omnem</span> <span class='ocrx_word' id='word_1_133' title='bbox 861 1555 950 1624; x_wconf 91' lang='lat' dir='ltr'>digni-</span> 
     </span>
     <span class='ocr_line' id='line_1_21' title="bbox 96 1628 950 1699; baseline 0.001 -15"><span class='ocrx_word' id='word_1_134' title='bbox 96 1633 232 1685; x_wconf 80' lang='lat' dir='ltr'>tatemer</span> <span class='ocrx_word' id='word_1_135' title='bbox 252 1629 376 1684; x_wconf 88' lang='lat' dir='ltr'>Caesaris</span> <span class='ocrx_word' id='word_1_136' title='bbox 394 1629 496 1683; x_wconf 78' lang='lat' dir='ltr'>invidia</span> <span class='ocrx_word' id='word_1_137' title='bbox 510 1628 669 1696; x_wconf 87' lang='lat' dir='ltr'>quaerebat,</span> <span class='ocrx_word' id='word_1_138' title='bbox 684 1631 802 1685; x_wconf 82' lang='lat' dir='ltr'>Senatus</span> <span class='ocrx_word' id='word_1_139' title='bbox 819 1631 950 1699; x_wconf 79' lang='lat' dir='ltr'>frequens</span> 
     </span>
     <span class='ocr_line' id='line_1_22' title="bbox 97 1703 950 1774; baseline 0.006 -18"><span class='ocrx_word' id='word_1_140' title='bbox 97 1707 126 1758; x_wconf 90' lang='lat' dir='ltr'>in</span> <span class='ocrx_word' id='word_1_141' title='bbox 140 1705 194 1759; x_wconf 84' lang='lat' dir='ltr'>alia</span> <span class='ocrx_word' id='word_1_142' title='bbox 210 1705 301 1759; x_wconf 90' lang='lat' dir='ltr'>omnia</span> <span class='ocrx_word' id='word_1_143' title='bbox 315 1705 432 1760; x_wconf 91' lang='lat' dir='ltr'>transiit.</span> <span class='ocrx_word' id='word_1_144' title='bbox 469 1703 574 1769; x_wconf 84' lang='lat' dir='ltr'>Quibus</span> <span class='ocrx_word' id='word_1_145' title='bbox 588 1721 641 1758; x_wconf 91' lang='lat' dir='ltr'>non</span> <span class='ocrx_word' id='word_1_146' title='bbox 655 1705 851 1774; x_wconf 83' lang='lat' dir='ltr'>frangebantur</span> <span class='ocrx_word' id='word_1_147' title='bbox 867 1708 950 1761; x_wconf 86' lang='lat' dir='ltr'>animi</span> 
     </span>
     <span class='ocr_line' id='line_1_23' title="bbox 97 1779 951 1850; baseline 0.005 -17"><span class='ocrx_word' id='word_1_148' title='bbox 97 1781 266 1835; x_wconf 89' lang='lat' dir='ltr'>inimicorum</span> <span class='ocrx_word' id='word_1_149' title='bbox 291 1781 423 1848; x_wconf 88' lang='lat' dir='ltr'>Caesaris,</span> <span class='ocrx_word' id='word_1_150' title='bbox 437 1779 499 1834; x_wconf 62' lang='lat' dir='ltr'>,sed</span> <span class='ocrx_word' id='word_1_151' title='bbox 518 1779 736 1835; x_wconf 87' lang='lat' dir='ltr'>admonebantur</span> <span class='ocrx_word' id='word_1_152' title='bbox 756 1798 811 1850; x_wconf 90' lang='lat' dir='ltr'>quo</span> <span class='ocrx_word' id='word_1_153' title='bbox 830 1781 951 1850; x_wconf 89' lang='lat' dir='ltr'>majores</span> 
     </span>
     <span class='ocr_line' id='line_1_24' title="bbox 97 1855 950 1926; baseline 0.002 -16"><span class='ocrx_word' id='word_1_154' title='bbox 97 1861 227 1926; x_wconf 88' lang='lat' dir='ltr'>pararent</span> <span class='ocrx_word' id='word_1_155' title='bbox 244 1857 477 1924; x_wconf 85' lang='lat' dir='ltr'>necessitudines,¹</span> <span class='ocrx_word' id='word_1_156' title='bbox 490 1855 590 1924; x_wconf 89' lang='lat' dir='ltr'>quibus</span> <span class='ocrx_word' id='word_1_157' title='bbox 607 1856 667 1924; x_wconf 88' lang='lat' dir='ltr'>cogi</span> <span class='ocrx_word' id='word_1_158' title='bbox 684 1861 778 1926; x_wconf 90' lang='lat' dir='ltr'>posset</span> <span class='ocrx_word' id='word_1_159' title='bbox 791 1857 909 1912; x_wconf 82' lang='lat' dir='ltr'>Senatus</span> <span class='ocrx_word' id='word_1_160' title='bbox 921 1858 950 1912; x_wconf 91' lang='lat' dir='ltr'>id</span> 
     </span>
     <span class='ocr_line' id='line_1_25' title="bbox 97 1932 591 2001; baseline 0.004 -17"><span class='ocrx_word' id='word_1_161' title='bbox 97 1932 215 2001; x_wconf 90' lang='lat' dir='ltr'>probare</span> <span class='ocrx_word' id='word_1_162' title='bbox 228 1932 303 2000; x_wconf 92' lang='lat' dir='ltr'>quod</span> <span class='ocrx_word' id='word_1_163' title='bbox 315 1933 367 2001; x_wconf 91' lang='lat' dir='ltr'>ipsi</span> <span class='ocrx_word' id='word_1_164' title='bbox 379 1933 591 1987; x_wconf 87' lang='lat' dir='ltr'>constituissent.</span> 
     </span>
    </p>

    <p class='ocr_par' dir='ltr' id='par_1_6' title="bbox 98 2005 952 2985">
     <span class='ocr_line' id='line_1_26' title="bbox 150 2005 950 2078; baseline 0.005 -18"><span class='ocrx_word' id='word_1_165' title='bbox 150 2013 190 2060; x_wconf 81' lang='lat'>54.</span> <span class='ocrx_word' id='word_1_166' title='bbox 227 2007 274 2061; x_wconf 87' lang='lat' dir='ltr'>Fit</span> <span class='ocrx_word' id='word_1_167' title='bbox 289 2007 391 2061; x_wconf 91' lang='lat' dir='ltr'>deinde</span> <span class='ocrx_word' id='word_1_168' title='bbox 404 2008 430 2062; x_wconf 78' lang='lat' dir='ltr'>S.</span> <span class='ocrx_word' id='word_1_169' title='bbox 448 2007 477 2062; x_wconf 85' lang='lat' dir='ltr'>C.</span> <span class='ocrx_word' id='word_1_170' title='bbox 494 2010 527 2061; x_wconf 89' lang='lat' dir='ltr'>ut</span> <span class='ocrx_word' id='word_1_171' title='bbox 540 2006 577 2060; x_wconf 89' lang='lat' dir='ltr'>ad</span> <span class='ocrx_word' id='word_1_172' title='bbox 588 2005 689 2060; x_wconf 82' lang='lat' dir='ltr'>bellurn</span> <span class='ocrx_word' id='word_1_173' title='bbox 708 2008 865 2062; x_wconf 87' lang='lat' dir='ltr'>Parthicum</span> <span class='ocrx_word' id='word_1_174' title='bbox 877 2009 950 2078; x_wconf 89' lang='lat' dir='ltr'>legio</span> 
     </span>
     <span class='ocr_line' id='line_1_27' title="bbox 98 2082 952 2152; baseline 0.004 -17"><span class='ocrx_word' id='word_1_175' title='bbox 98 2098 152 2135; x_wconf 89' lang='lat' dir='ltr'>una</span> <span class='ocrx_word' id='word_1_176' title='bbox 170 2099 187 2135; x_wconf 90' lang='lat' dir='ltr'>a</span> <span class='ocrx_word' id='word_1_177' title='bbox 206 2082 254 2136; x_wconf 92' lang='lat' dir='ltr'>Cn.</span> <span class='ocrx_word' id='word_1_178' title='bbox 280 2082 417 2151; x_wconf 91' lang='lat' dir='ltr'>Pompeio,</span> <span class='ocrx_word' id='word_1_179' title='bbox 439 2082 561 2137; x_wconf 82' lang='lat' dir='ltr'>alterae</span> <span class='ocrx_word' id='word_1_180' title='bbox 585 2083 616 2137; x_wconf 92' lang='lat' dir='ltr'>C.</span> <span class='ocrx_word' id='word_1_181' title='bbox 638 2082 755 2137; x_wconf 89' lang='lat' dir='ltr'>Caesare</span> <span class='ocrx_word' id='word_1_182' title='bbox 775 2085 952 2152; x_wconf 81' lang='lat' dir='ltr'>mitteretur3</span> 
     </span>
     <span class='ocr_line' id='line_1_28' title="bbox 98 2157 952 2229; baseline 0.007 -19"><span class='ocrx_word' id='word_1_183' title='bbox 98 2174 187 2226; x_wconf 91' lang='lat' dir='ltr'>neque</span> <span class='ocrx_word' id='word_1_184' title='bbox 200 2157 314 2212; x_wconf 90' lang='lat' dir='ltr'>obscure</span> <span class='ocrx_word' id='word_1_185' title='bbox 330 2157 404 2227; x_wconf 89' lang='lat' dir='ltr'>[hae]</span> <span class='ocrx_word' id='word_1_186' title='bbox 416 2158 488 2213; x_wconf 85' lang='lat' dir='ltr'>duae</span> <span class='ocrx_word' id='word_1_187' title='bbox 505 2158 625 2226; x_wconf 84' lang='lat' dir='ltr'>legiones</span> <span class='ocrx_word' id='word_1_188' title='bbox 642 2159 689 2212; x_wconf 91' lang='lat' dir='ltr'>uni</span> <span class='ocrx_word' id='word_1_189' title='bbox 707 2159 840 2229; x_wconf 87' lang='lat' dir='ltr'>[Caesari]</span> <span class='ocrx_word' id='word_1_190' title='bbox 857 2161 952 2216; x_wconf 88' lang='lat' dir='ltr'>detra·</span> 
     </span>
     <span class='ocr_line' id='line_1_29' title="bbox 98 2233 950 2304; baseline 0.005 -17"><span class='ocrx_word' id='word_1_191' title='bbox 98 2234 208 2288; x_wconf 86' lang='lat' dir='ltr'>huntur.</span> <span class='ocrx_word' id='word_1_192' title='bbox 244 2234 316 2287; x_wconf 89' lang='lat' dir='ltr'>Nam</span> <span class='ocrx_word' id='word_1_193' title='bbox 334 2234 383 2288; x_wconf 91' lang='lat' dir='ltr'>Cn.</span> <span class='ocrx_word' id='word_1_194' title='bbox 402 2233 549 2303; x_wconf 87' lang='lat' dir='ltr'>Pompeius</span> <span class='ocrx_word' id='word_1_195' title='bbox 570 2235 703 2303; x_wconf 85' lang='lat' dir='ltr'>legionem</span> <span class='ocrx_word' id='word_1_196' title='bbox 724 2235 847 2304; x_wconf 85' lang='lat' dir='ltr'>primam,</span> <span class='ocrx_word' id='word_1_197' title='bbox 867 2252 950 2304; x_wconf 89' lang='lat' dir='ltr'>quam</span> 
     </span>
     <span class='ocr_line' id='line_1_30' title="bbox 99 2309 951 2379; baseline 0.005 -16"><span class='ocrx_word' id='word_1_198' title='bbox 99 2310 135 2363; x_wconf 88' lang='lat' dir='ltr'>ad</span> <span class='ocrx_word' id='word_1_199' title='bbox 152 2311 297 2364; x_wconf 89' lang='lat' dir='ltr'>Caesarem</span> <span class='ocrx_word' id='word_1_200' title='bbox 313 2309 427 2364; x_wconf 84' lang='lat' dir='ltr'>miserat</span> <span class='ocrx_word' id='word_1_201' title='bbox 449 2309 598 2363; x_wconf 87' lang='lat' dir='ltr'>confectam</span> <span class='ocrx_word' id='word_1_202' title='bbox 617 2327 651 2364; x_wconf 82' lang='lat' dir='ltr'>ex</span> <span class='ocrx_word' id='word_1_203' title='bbox 670 2309 778 2365; x_wconf 85' lang='lat' dir='ltr'>delectu</span> <span class='ocrx_word' id='word_1_204' title='bbox 795 2311 951 2379; x_wconf 81' lang='lat' dir='ltr'>provinciae</span> 
     </span>
     <span class='ocr_line' id='line_1_31' title="bbox 102 2385 952 2453; baseline 0.002 -13"><span class='ocrx_word' id='word_1_205' title='bbox 102 2385 234 2453; x_wconf 87' lang='lat' dir='ltr'>Caesaris,</span> <span class='ocrx_word' id='word_1_206' title='bbox 249 2401 310 2438; x_wconf 91' lang='lat' dir='ltr'>eam</span> <span class='ocrx_word' id='word_1_207' title='bbox 327 2388 467 2452; x_wconf 88' lang='lat' dir='ltr'>tamquam</span> <span class='ocrx_word' id='word_1_208' title='bbox 484 2401 519 2439; x_wconf 80' lang='lat' dir='ltr'>ex</span> <span class='ocrx_word' id='word_1_209' title='bbox 535 2401 583 2438; x_wconf 89' lang='lat' dir='ltr'>suo</span> <span class='ocrx_word' id='word_1_210' title='bbox 600 2403 713 2440; x_wconf 87' lang='lat' dir='ltr'>numero</span> <span class='ocrx_word' id='word_1_211' title='bbox 728 2385 813 2440; x_wconf 85' lang='lat' dir='ltr'>dedit.</span> <span class='ocrx_word' id='word_1_212' title='bbox 849 2387 952 2443; x_wconf 84' lang='lat' dir='ltr'>Caesar</span> 
     </span>
     <span class='ocr_line' id='line_1_32' title="bbox 99 2460 951 2531; baseline 0.002 -16"><span class='ocrx_word' id='word_1_213' title='bbox 99 2468 198 2530; x_wconf 88' lang='lat' dir='ltr'>tamen,</span> <span class='ocrx_word' id='word_1_214' title='bbox 220 2477 304 2531; x_wconf 90' lang='lat' dir='ltr'>quum</span> <span class='ocrx_word' id='word_1_215' title='bbox 326 2460 361 2514; x_wconf 93' lang='lat' dir='ltr'>de</span> <span class='ocrx_word' id='word_1_216' title='bbox 378 2461 519 2515; x_wconf 79' lang='lat' dir='ltr'>voluntate</span> <span class='ocrx_word' id='word_1_217' title='bbox 543 2460 761 2516; x_wconf 78' lang='lat' dir='ltr'>adversariorum</span> <span class='ocrx_word' id='word_1_218' title='bbox 785 2479 897 2517; x_wconf 90' lang='lat' dir='ltr'>suorum</span> <span class='ocrx_word' id='word_1_219' title='bbox 920 2481 951 2517; x_wconf 92' lang='lat' dir='ltr'>sc</span> 
     </span>
     <span class='ocr_line' id='line_1_33' title="bbox 99 2536 950 2607; baseline 0.002 -17"><span class='ocrx_word' id='word_1_220' title='bbox 99 2537 208 2606; x_wconf 86' lang='lat' dir='ltr'>spoliari</span> <span class='ocrx_word' id='word_1_221' title='bbox 228 2537 328 2590; x_wconf 91' lang='lat' dir='ltr'>nemini</span> <span class='ocrx_word' id='word_1_222' title='bbox 353 2536 467 2590; x_wconf 90' lang='lat' dir='ltr'>dubium</span> <span class='ocrx_word' id='word_1_223' title='bbox 490 2540 571 2605; x_wconf 89' lang='lat' dir='ltr'>esset,</span> <span class='ocrx_word' id='word_1_224' title='bbox 591 2538 639 2591; x_wconf 88' lang='lat' dir='ltr'>Cn.</span> <span class='ocrx_word' id='word_1_225' title='bbox 662 2537 792 2607; x_wconf 90' lang='lat' dir='ltr'>Pompeio</span> <span class='ocrx_word' id='word_1_226' title='bbox 814 2538 950 2606; x_wconf 81' lang='lat' dir='ltr'>legionem</span> 
     </span>
     <span class='ocr_line' id='line_1_34' title="bbox 99 2612 951 2681; baseline 0.005 -15"><span class='ocrx_word' id='word_1_227' title='bbox 99 2613 213 2680; x_wconf 87' lang='lat' dir='ltr'>remisit,</span> <span class='ocrx_word' id='word_1_228' title='bbox 234 2616 263 2666; x_wconf 88' lang='lat' dir='ltr'>et</span> <span class='ocrx_word' id='word_1_229' title='bbox 283 2628 331 2665; x_wconf 89' lang='lat' dir='ltr'>suo</span> <span class='ocrx_word' id='word_1_230' title='bbox 355 2612 464 2666; x_wconf 89' lang='lat' dir='ltr'>nomine</span> <span class='ocrx_word' id='word_1_231' title='bbox 487 2627 532 2680; x_wconf 87' lang='lat' dir='ltr'>xv,</span> <span class='ocrx_word' id='word_1_232' title='bbox 556 2629 638 2681; x_wconf 87' lang='lat' dir='ltr'>quam</span> <span class='ocrx_word' id='word_1_233' title='bbox 661 2613 690 2666; x_wconf 91' lang='lat' dir='ltr'>in</span> <span class='ocrx_word' id='word_1_234' title='bbox 713 2613 801 2667; x_wconf 88' lang='lat' dir='ltr'>Gallia</span> <span class='ocrx_word' id='word_1_235' title='bbox 824 2614 951 2670; x_wconf 90' lang='lat' dir='ltr'>citeriore</span> 
     </span>
     <span class='ocr_line' id='line_1_35' title="bbox 100 2687 951 2757; baseline 0.005 -17"><span class='ocrx_word' id='word_1_236' title='bbox 100 2687 242 2756; x_wconf 87' lang='lat' dir='ltr'>habuerat,</span> <span class='ocrx_word' id='word_1_237' title='bbox 263 2705 297 2741; x_wconf 82' lang='lat' dir='ltr'>ex</span> <span class='ocrx_word' id='word_1_238' title='bbox 321 2689 347 2742; x_wconf 81' lang='lat' dir='ltr'>S.</span> <span class='ocrx_word' id='word_1_239' title='bbox 372 2689 401 2742; x_wconf 89' lang='lat' dir='ltr'>C.</span> <span class='ocrx_word' id='word_1_240' title='bbox 420 2687 503 2755; x_wconf 89' lang='lat' dir='ltr'>jubet</span> <span class='ocrx_word' id='word_1_241' title='bbox 525 2687 606 2755; x_wconf 78' lang='lat' dir='ltr'>tradi.</span> <span class='ocrx_word' id='word_1_242' title='bbox 642 2688 676 2742; x_wconf 90' lang='lat' dir='ltr'>In</span> <span class='ocrx_word' id='word_1_243' title='bbox 700 2687 760 2757; x_wconf 87' lang='lat' dir='ltr'>ejus</span> <span class='ocrx_word' id='word_1_244' title='bbox 783 2689 872 2744; x_wconf 87' lang='lat' dir='ltr'>locum</span> <span class='ocrx_word' id='word_1_245' title='bbox 896 2706 951 2744; x_wconf 83' lang='lat' dir='ltr'>xm</span> 
     </span>
     <span class='ocr_line' id='line_1_36' title="bbox 98 2763 951 2832; baseline 0.005 -16"><span class='ocrx_word' id='word_1_246' title='bbox 98 2763 233 2831; x_wconf 88' lang='lat' dir='ltr'>legionem</span> <span class='ocrx_word' id='word_1_247' title='bbox 254 2763 282 2815; x_wconf 90' lang='lat' dir='ltr'>in</span> <span class='ocrx_word' id='word_1_248' title='bbox 305 2763 413 2817; x_wconf 88' lang='lat' dir='ltr'>Italiam</span> <span class='ocrx_word' id='word_1_249' title='bbox 435 2763 523 2816; x_wconf 91' lang='lat' dir='ltr'>mittit</span> <span class='ocrx_word' id='word_1_250' title='bbox 541 2779 611 2831; x_wconf 89' lang='lat' dir='ltr'>quae</span> <span class='ocrx_word' id='word_1_251' title='bbox 628 2764 766 2832; x_wconf 88' lang='lat' dir='ltr'>praesidia</span> <span class='ocrx_word' id='word_1_252' title='bbox 787 2768 897 2819; x_wconf 88' lang='lat' dir='ltr'>tueatur</span> <span class='ocrx_word' id='word_1_253' title='bbox 915 2785 951 2820; x_wconf 85' lang='lat' dir='ltr'>ox</span> 
     </span>
     <span class='ocr_line' id='line_1_37' title="bbox 99 2837 952 2907; baseline 0.006 -16"><span class='ocrx_word' id='word_1_254' title='bbox 99 2837 199 2906; x_wconf 90' lang='lat' dir='ltr'>quibus</span> <span class='ocrx_word' id='word_1_255' title='bbox 210 2837 354 2906; x_wconf 85' lang='lat' dir='ltr'>praesidiis</span> <span class='ocrx_word' id='word_1_256' title='bbox 366 2854 404 2892; x_wconf 86' lang='lat' dir='ltr'>xv</span> <span class='ocrx_word' id='word_1_257' title='bbox 413 2837 607 2892; x_wconf 87' lang='lat' dir='ltr'>deducebatur.</span> <span class='ocrx_word' id='word_1_258' title='bbox 639 2840 703 2907; x_wconf 90' lang='lat' dir='ltr'>Ipse</span> <span class='ocrx_word' id='word_1_259' title='bbox 714 2841 846 2895; x_wconf 82' lang='lat' dir='ltr'>exercitui</span> <span class='ocrx_word' id='word_1_260' title='bbox 858 2841 952 2896; x_wconf 86' lang='lat' dir='ltr'>distri-</span> 
     </span>
     <span class='ocr_line' id='line_1_38' title="bbox 99 2912 951 2985; baseline 0.007 -20"><span class='ocrx_word' id='word_1_261' title='bbox 99 2913 160 2967; x_wconf 88' lang='lat' dir='ltr'>buit</span> <span class='ocrx_word' id='word_1_262' title='bbox 173 2912 303 2967; x_wconf 86' lang='lat' dir='ltr'>hiberna:</span> <span class='ocrx_word' id='word_1_263' title='bbox 319 2913 349 2968; x_wconf 92' lang='lat' dir='ltr'>C.</span> <span class='ocrx_word' id='word_1_264' title='bbox 364 2913 528 2967; x_wconf 84' lang='lat' dir='ltr'>Trebonium</span> <span class='ocrx_word' id='word_1_265' title='bbox 544 2930 606 2967; x_wconf 83' lang='lat' dir='ltr'>cuni</span> <span class='ocrx_word' id='word_1_266' title='bbox 622 2914 773 2982; x_wconf 88' lang='lat' dir='ltr'>legionibus</span> <span class='ocrx_word' id='word_1_267' title='bbox 789 2920 907 2985; x_wconf 88' lang='lat' dir='ltr'>quatuor</span> <span class='ocrx_word' id='word_1_268' title='bbox 922 2919 951 2972; x_wconf 90' lang='lat' dir='ltr'>iu</span> 
     </span>
    </p>

    <p class='ocr_par' dir='ltr' id='par_1_7' title="bbox 68 2988 965 3132">
     <span class='ocr_line' id='line_1_39' title="bbox 83 2988 951 3058; baseline 0.01 -19"><span class='ocrx_word' id='word_1_269' title='bbox 83 2988 186 3054; x_wconf 66' lang='lat' dir='ltr'>Bagra</span> <span class='ocrx_word' id='word_1_270' title='bbox 211 2989 348 3058; x_wconf 84' lang='lat' dir='ltr'>collocat;</span> <span class='ocrx_word' id='word_1_271' title='bbox 371 2989 401 3046; x_wconf 88' lang='lat' dir='ltr'>C.</span> <span class='ocrx_word' id='word_1_272' title='bbox 425 2989 542 3046; x_wconf 81' lang='lat' dir='ltr'>Fabium</span> <span class='ocrx_word' id='word_1_273' title='bbox 565 3006 628 3044; x_wconf 87' lang='lat' dir='ltr'>cum</span> <span class='ocrx_word' id='word_1_274' title='bbox 647 2991 763 3044; x_wconf 85' lang='lat' dir='ltr'>totidem</span> <span class='ocrx_word' id='word_1_275' title='bbox 785 2992 814 3045; x_wconf 90' lang='lat' dir='ltr'>in</span> <span class='ocrx_word' id='word_1_276' title='bbox 838 2993 951 3049; x_wconf 88' lang='lat' dir='ltr'>Aeduos</span> 
     </span>
     <span class='ocr_line' id='line_1_40' title="bbox 68 3060 965 3132; baseline 0.009 -22"><span class='ocrx_word' id='word_1_277' title='bbox 68 3060 196 3118; x_wconf 82' lang='lat' dir='ltr'>deducit.</span> <span class='ocrx_word' id='word_1_278' title='bbox 238 3067 288 3122; x_wconf 74' lang='lat' dir='ltr'>Sic</span> <span class='ocrx_word' id='word_1_279' title='bbox 300 3069 377 3126; x_wconf 89' lang='lat' dir='ltr'>enim</span> <span class='ocrx_word' id='word_1_280' title='bbox 393 3067 581 3126; x_wconf 87' lang='lat' dir='ltr'>existimabat</span> <span class='ocrx_word' id='word_1_281' title='bbox 588 3064 759 3120; x_wconf 82' lang='lat' dir='ltr'>tutissimam</span> <span class='ocrx_word' id='word_1_282' title='bbox 765 3066 826 3117; x_wconf 84' lang='lat' dir='ltr'>lore</span> <span class='ocrx_word' id='word_1_283' title='bbox 836 3067 965 3132; x_wconf 68' lang='lat' dir='ltr'>Calliam,</span> 
     </span>
    </p>
   </div>
   <div class='ocr_carea' id='block_1_4' title="bbox 47 3133 984 3218">
    <p class='ocr_par' dir='ltr' id='par_1_8' title="bbox 47 3133 984 3218">
     <span class='ocr_line' id='line_1_41' title="bbox 47 3133 984 3218; baseline 0.001 -19"><span class='ocrx_word' id='word_1_284' title='bbox 47 3133 80 3184; x_wconf 61' lang='grc' dir='ltr'>δ”</span> <span class='ocrx_word' id='word_1_285' title='bbox 96 3136 226 3213; x_wconf 62' lang='lat' dir='ltr'>Belgae,</span> <span class='ocrx_word' id='word_1_286' title='bbox 246 3163 378 3218; x_wconf 84' lang='lat' dir='ltr'>quorum</span> <span class='ocrx_word' id='word_1_287' title='bbox 403 3149 538 3206; x_wconf 84' lang='lat' dir='ltr'>maxima</span> <span class='ocrx_word' id='word_1_288' title='bbox 556 3139 733 3210; x_wconf 58' lang='lat' dir='ltr'>uirtustctt</span> <span class='ocrx_word' id='word_1_289' title='bbox 744 3137 847 3202; x_wconf 68' lang='lat' dir='ltr'>bedun,</span> <span class='ocrx_word' id='word_1_290' title='bbox 861 3152 984 3199; x_wconf 48' lang='lat' dir='ltr'>utum</span> 
     </span>
    </p>
   </div>
   <div class='ocr_carea' id='block_1_5' title="bbox 0 0 1021 3396">
    <p class='ocr_par' dir='ltr' id='par_1_9' title="bbox 0 0 1021 3396">
     <span class='ocr_line' id='line_1_42' title="bbox 0 0 1021 3396; baseline 0 0"><span class='ocrx_word' id='word_1_291' title='bbox 0 0 1021 3396; x_wconf 95' lang='lat' dir='ltr'> </span> 
     </span>
    </p>
   </div>
  </div>
 </body>
</html>
