2018 3396
81 127 112 174 66
332 118 361 169 0.
385 115 487 167 JULII
510 114 685 165 CAESARIS

80 203 125 268 sis,
137 217 166 255 se
178 194 208 254 in
219 200 288 254 fines
299 197 434 252 Ubiorum
446 195 559 263 recepit,
572 197 656 262 atquo
667 193 703 248 iis
713 192 846 249 auxilium
858 211 941 250 suum

78 277 224 347 pollicitus,
239 275 262 328 si
278 272 314 327 ab
331 273 427 327 Suevis
441 273 641 340 premerentur,
655 269 724 325 haee
739 269 775 325 ab
791 271 831 336 iis¹
842 288 942 340 cogno

80 355 135 408 vit:
157 354 267 419 Suevos,
284 353 463 419 posteaquam
480 364 530 416 per
545 347 734 416 exploratores
750 352 863 418 pontem
877 349 941 403 fieri

80 429 284 498 comperissent,
297 443 374 480 more
386 442 435 479 suo
444 425 558 479 coneilio
569 425 665 479 habito
680 427 792 479 nuntios
806 427 835 479 in
844 443 942 482 omnes

79 510 172 574 portes
184 503 326 570 dimisisse,
338 502 381 555 uti
394 502 430 555 de
441 501 550 571 oppidis
562 502 757 570 demigrarent,
769 502 877 569 liberos,
888 520 940 556 ux-

80 598 141 636 ores
152 596 256 648 suaque
269 579 359 632 omnia
370 579 398 631 in
411 578 486 632 silvis
499 578 675 648 deponerent,
687 583 771 648 atque
784 595 877 632 omnes
890 580 940 648 qui

79 673 155 710 arma
178 656 251 709 ferro
273 659 385 724 possent
404 672 488 708 unum
501 655 529 708 in
548 656 636 708 locum
653 654 846 710 convenirent:
865 655 941 710 hune

79 727 140 786 'esse
153 731 290 785 delectum
302 731 423 784 medium
436 731 494 785 iere
507 733 647 800 regionum
660 748 755 786 earum
772 748 841 800 quas
855 732 940 786 Suevi

79 807 250 862 obtinerent:
266 807 310 860 hie
323 807 508 861 Romanorum
521 808 670 862 adventum
682 812 842 877 exspectare
854 811 940 877 atque

43 912 57 939 ν.
79 883 119 936 ibi
136 883 279 936 deoertare
297 884 477 938 constituisse.
516 884 596 948 Quod
613 883 663 937 ubi
682 885 782 938 Caesar
796 884 940 952 comperit,

80 958 206 1012 omnibus
217 958 300 1013 rebus
311 959 356 1013 his
367 961 498 1015 coniectis
513 977 629 1029 quarum
644 977 737 1013 rerum
754 975 835 1014 eausa
848 963 939 1014 trans⁴

80 1036 180 1089 ducere
192 1035 343 1089 exereitum
362 1039 553 1104 constituerat,
565 1041 598 1091 ut
618 1037 762 1090 Germanis
780 1040 885 1090 metum
898 1036 944 1094 inf

75 1113 183 1180 jieeret,
201 1114 234 1164 ut
255 1112 413 1179 Sigambros
434 1114 621 1182 ulcisceretur,
640 1117 672 1167 ut
691 1113 781 1167 Ubios
796 1113 940 1168 obsidione

80 1187 221 1255 liberaret,
240 1187 337 1241 diebus
355 1189 463 1242 omnino
481 1205 500 1242 x
518 1192 713 1244 etv111trans
732 1189 858 1242 Rhenum
875 1205 939 1242 eon-

80 1263 197 1331 sumptis
212 1265 278 1317 satis
294 1268 323 1317 et
338 1265 374 1317 ad
389 1265 499 1318 laudem
516 1269 546 1320 et
566 1264 603 1318 ad
618 1265 768 1318 utilitatem
784 1266 939 1333 profectum

79 1339 231 1395 arbitratus
244 1341 308 1392 sein
322 1340 439 1394 Galliam
451 1340 556 1409 recepit
568 1343 736 1410 pontemque
747 1340 866 1394 rescidit.

133 1421 173 1469 20.
210 1418 316 1483 Exigua
324 1421 403 1485 parte
415 1417 529 1472 aestatis
540 1417 647 1485 reliqua
660 1417 768 1485 Caesar,
785 1416 837 1470 etsi
850 1416 878 1469 in
893 1417 940 1470 his

79 1493 153 1559 locis,
171 1491 245 1561 quod
257 1493 344 1545 onmis
358 1494 446 1547 Gallia
457 1494 493 1547 ad
511 1494 723 1562 septemtriones
737 1494 834 1561 vergit,
851 1497 938 1547 matu-

80 1586 127 1622 rae
140 1575 203 1621 sunt
215 1568 327 1636 hiemes,
340 1573 432 1625 tamen
444 1571 472 1623 in
485 1570 657 1624 Britanniam
674 1570 811 1640 proficisci
828 1572 939 1623 eonten-

81 1645 130 1710 dit,
148 1643 222 1713 quod
240 1646 366 1700 omnibus
388 1647 447 1701 iere
466 1646 577 1700 Gallicis
594 1646 675 1700 bellis
692 1645 818 1700 hostibus
834 1645 940 1699 nostris

80 1721 145 1774 inde
158 1721 364 1777 subministrata
376 1724 478 1777 auxilia
488 1722 668 1791 intelligebat,
680 1727 709 1776 et
717 1724 739 1776 si
749 1727 858 1789 tempus
873 1723 938 1775 anni

80 1796 117 1850 ad
135 1796 237 1850 bellum
256 1800 408 1866 gerendum
429 1801 568 1866 deficeret,
589 1803 682 1855 tamen
701 1815 800 1866 magno
813 1795 938 1850 sibinsui

80 1873 138 1926 iore
162 1873 348 1929 arbitrabatur
372 1878 395 1930 si
420 1877 501 1930 modo
524 1876 640 1930 insulam
665 1876 769 1929 adisset
792 1877 822 1927 et
849 1889 938 1941 genus

80 1947 218 2001 hominum
239 1953 432 2020 perspexisset,
445 1951 513 2020 loen,
524 1956 630 2022 portus,
644 1952 737 2006 aditus
752 1950 938 2018 cognovisset3

81 2040 151 2092 quae
170 2025 260 2078 omnia
279 2027 337 2080 fere
358 2029 445 2083 Gallis
465 2033 545 2083 erant
562 2029 707 2097 incognita
745 2027 842 2094 Neque
863 2025 937 2078 euim

80 2105 185 2153 temere
197 2106 307 2168 praeter
320 2109 487 2160 mercatores
498 2106 545 2159 illo
557 2105 617 2159 adit
630 2104 780 2174 quisquam,
792 2117 881 2170 neque
893 2101 939 2153 his

80 2176 145 2245 ipsis
157 2176 307 2245 quidquam
320 2186 433 2248 praetor
444 2200 519 2236 oram
539 2182 707 2235 maritimam
726 2183 810 2248 atque
832 2193 879 2230 eas
894 2193 937 2230 re-

80 2255 175 2321 giones
195 2270 265 2322 quoe
285 2261 349 2311 sunt
373 2264 467 2313 eontra
500 2259 603 2313 Gallias
628 2260 723 2310 notum
749 2258 799 2308 est.
837 2254 938 2320 Itaque

81 2329 183 2382 voeatis
195 2329 231 2382 ad
243 2347 273 2384 so
282 2332 403 2402 undique
415 2352 459 2389 me
471 2335 624 2388 reatoribus
639 2348 728 2402 nequo
743 2333 847 2400 quauta
863 2332 938 2382 esset

80 2405 184 2459 insulae
198 2408 364 2475 magnitudo,
377 2427 467 2480 neque
481 2415 611 2480 quaeant
629 2412 747 2479 quantae
761 2407 884 2460 nationes
898 2404 938 2457 in-

81 2482 210 2548 colerent,
231 2501 321 2553 neque
341 2504 423 2555 quem
445 2505 525 2540 usum
542 2486 608 2540 belli
624 2484 758 2539 haberent
773 2485 821 2536 aut
837 2479 938 2548 quibus

81 2559 215 2613 institutis
234 2565 385 2631 uterentur,
401 2581 491 2633 neque
510 2564 558 2633 qui
577 2565 670 2617 essent
688 2561 725 2614 ad
741 2559 875 2626 majorum
890 2572 937 2610 na-

82 2635 156 2688 vium
167 2637 372 2692 multitudinem
383 2640 474 2694 idonei
486 2644 589 2710 portus,
602 2638 723 2707 reperire
734 2638 851 2704 peterat.

43 2752 55 2761 ..
134 2717 175 2764 21.
213 2714 260 2766 Ad
286 2715 355 2769 haee
382 2716 575 2784 cognoscendo,
599 2715 758 2783 priusquam
786 2709 937 2780 perieulum

82 2785 192 2853 faeeret,
204 2788 332 2843 idoneum
345 2808 405 2846 esse
417 2792 568 2846 arbitratus
581 2792 613 2846 C.
625 2791 793 2844 Volusenum
804 2804 866 2842 eum
874 2786 938 2840 navi

82 2862 164 2929 longa
174 2866 335 2932 praemittit
371 2869 445 2922 Huie
459 2867 573 2921 mandat
589 2867 631 2920 uti
648 2866 797 2934 exploratis
812 2861 939 2916 omnibus

83 2940 165 2993 rebus
177 2941 212 2993 ad
224 2959 254 2995 se
266 2959 347 3011 quum
360 2945 479 3013 primum
494 2945 657 2997 revertatur.
694 2942 760 3010 Ipse
776 2957 837 2994 cnm
853 2937 939 2992 omni-

73 3015 129 3064 bus
137 3017 224 3092 earnis
235 3017 266 3071 in
280 3019 406 3076 Morinos
422 3020 618 3092 proficiscitur,
635 3017 711 3090 quod
724 3017 792 3069 inde
808 3013 944 3068 eratbre-

56 3085 187 3141 mssrhius
195 3091 228 3145 1'n
242 3095 427 3155 Britanniam
451 3100 600 3172 trajectus.
640 3097 708 3152 llue
728 3107 817 3146 naues
830 3085 959 3147 sedunus

43 3169 72 3205 ’Χ
90 3162 231 3224 Mtimb
248 3175 425 3245 regionibus
445 3185 479 3239 et
497 3195 591 3254 quam
616 3173 771 3247 superiore
795 3161 911 3220 aestate
933 3154 976 3204 ‘ed
