2018 3396
85 131 116 178 ι28
339 129 368 176 C.
385 127 486 178 JULII
504 120 679 176 CAESARIS

84 213 180 264 rerunt
191 213 223 263 ut
235 210 353 278 spatium
363 209 418 276 pila
429 209 457 261 in
469 209 561 262 hostes
574 206 736 276 conjiciendi
747 223 802 279 non
815 207 933 262 daretur

85 286 206 353 Rejectis
217 285 279 352 pilis
291 285 439 338 comminus
451 284 549 352 gladiis
560 287 709 352 pugnatum
724 287 774 338 est
811 285 852 337 At
869 285 937 338 Ger-

83 363 156 415 mani
185 362 310 415 celeriter
336 378 371 414 ex
399 360 592 414 consuetudine
621 376 669 412 sua
698 359 833 428 phalange
863 360 937 416 facta

83 439 202 508 impetus
213 436 365 505 gladiorum
377 439 550 505 exceperunt.
587 436 701 504 Reperti
711 439 774 489 saint
782 435 936 504 complures

82 514 170 568 nostri
183 513 283 566 milites
296 513 382 580 quiin
398 513 546 583 phalangas
560 512 696 565 insilirent
713 515 741 564 et
758 515 835 565 scuta
851 513 936 567 mani-

83 589 135 642 bus
147 589 310 643 revellerent
321 592 350 643 et
363 588 480 657 desuper
492 589 673 646 vulnerarent.
710 588 799 653 Quum
815 588 936 643 hostium

83 666 154 720 acies
178 680 194 718 a
218 665 327 718 sinistro
351 682 434 719 cornu
452 666 530 733 pulsa
547 669 631 734 atquc
648 666 788 733 indagem
806 680 937 719 conversa

83 744 163 808 esset,
182 758 199 793 a
217 741 314 794 dextro
332 757 415 794 cornu
432 740 608 794 vehementer
625 741 801 794 multitudine
825 736 953 794 suorum

82 821 203 871 nostram
227 818 312 870 aciem
335 817 504 885 premebant.
542 817 577 870 Id
595 833 678 886 quum
696 815 937 870 animadvertisset

84 893 114 946 P.
127 893 241 946 Crassus
253 893 418 960 adolescens,
432 893 479 961 qui
496 892 630 962 equitatui
647 895 782 961 praeerat,
799 891 873 959 quod
889 907 936 944 cx-

82 968 202 1037 pcditior
214 972 274 1022 erat
286 985 368 1036 quam
383 969 403 1021 ii
420 969 466 1037 qui
482 969 556 1022 inter
572 968 656 1021 aciem
674 967 862 1034 versabantur,
879 969 937 1020 tor-

83 1043 151 1098 tiam
163 1045 247 1097 aciem
259 1044 445 1098 laborantibus
458 1045 559 1097 uostris
572 1043 693 1097 subsidio
706 1043 787 1097 misit.

44 1124 52 1139 “
136 1126 176 1174 53.
215 1120 260 1173 Ita
270 1120 404 1188 proelium
416 1120 577 1174 restitutum
587 1123 637 1187 est,
647 1123 731 1189 atquc
740 1137 834 1174 omncs
842 1121 936 1176 hostes

83 1199 162 1263 terga
179 1198 321 1249 verterunt
338 1207 427 1264 nequo
449 1197 525 1265 prius
544 1197 639 1264 fugere
663 1195 831 1250 destiterunt
852 1214 935 1265 quam

84 1271 120 1324 ad
138 1271 239 1325 fluruen
261 1271 387 1325 Rhenum
408 1271 484 1324 milia
501 1288 630 1340 passuum
649 1288 683 1326 er
701 1288 733 1324 eo
751 1271 808 1325 loco
826 1272 936 1327 circiter

84 1348 205 1416 quinque
221 1350 412 1417 pervenerunt.
450 1347 494 1400 Ibi
512 1348 641 1417 perpauci
656 1351 705 1401 aut
721 1347 824 1400 viribus
842 1348 936 1401 confisi
990 1382 994 1389 ·

83 1426 194 1477 tranare
217 1424 426 1491 contenderunt,
451 1427 500 1477 aut
527 1424 655 1478 lintribus
678 1423 795 1476 inventis
818 1423 871 1476 sibi
895 1440 936 1476 sa-

51 1499 170 1571 .,'lutem
193 1503 381 1568 reppererunt.
420 1501 453 1553 ln
477 1500 519 1553 his
542 1500 596 1553 luit
616 1499 772 1553 Ariovistus
796 1499 843 1569 qui
861 1500 936 1553 navi·

83 1575 171 1628 culam
183 1575 332 1643 deligatam
344 1575 380 1628 ad
397 1576 484 1644 ripam
499 1578 596 1628 nactus
613 1592 646 1629 ea
661 1575 798 1643 profugit:
816 1574 935 1642 reliquos

84 1665 177 1704 omncs
198 1652 324 1719 equitatu
348 1651 487 1703 consecuti
509 1651 596 1704 nostri
617 1650 819 1704 interfecerunt.
857 1650 936 1704 Duae

83 1724 195 1778 fuerunt
208 1726 340 1779 Ariovisti
352 1742 458 1792 uxores,
471 1743 525 1779 una
538 1726 626 1780 Suara
637 1726 747 1779 natione
758 1742 841 1794 quarn
854 1726 935 1778 domo

84 1816 176 1853 secum
202 1801 326 1868 duxerat,
351 1801 438 1854 altera
461 1801 569 1870 Norica,
590 1801 662 1870 rogis
686 1800 827 1854 Vectiouis
851 1817 935 1869 soror,

84 1892 166 1944 quam
184 1876 213 1929 in
229 1877 317 1930 Gallia
332 1876 449 1930 duxerat
467 1894 483 1930 a
498 1878 585 1931 fratrc
602 1878 730 1931 missam:
754 1879 889 1945 utraeque
906 1877 935 1930 in

57 1968 118 2004 -ea
140 1952 206 2019 fuga
229 1954 375 2020 perierunt.
413 1952 490 2006 Duae
513 1952 585 2006 filiae
608 1953 713 2020 harum,
733 1952 820 2005 altera
839 1951 934 2021 occisa,

84 2027 172 2080 altera
189 2031 270 2095 capta
287 2031 337 2081 est.
374 2028 405 2081 (l.
428 2027 556 2081 Valerius
576 2028 716 2096 Procillus,
737 2045 821 2096 quum
841 2044 858 2080 a
876 2043 936 2080 cus-

83 2102 195 2155 todibus
218 2103 246 2154 in
269 2103 334 2170 fuga
358 2103 439 2156 trinis
462 2104 566 2158 catenis
585 2105 692 2158 vinctus
715 2103 880 2170 traheretur,
906 2103 936 2156 in

83 2177 173 2245 ipsum
192 2177 336 2232 Caesarem
354 2179 446 2233 hostes
463 2180 590 2249 equitatu
603 2183 816 2249 persequentem
831 2178 935 2234 incidit

85 2254 161 2316 Quae
185 2253 296 2321 quidem
320 2271 365 2308 res
394 2255 504 2309 Caesari
531 2273 584 2309 non
610 2257 743 2309 minorem
767 2271 848 2323 quam
875 2255 936 2323 ipsa

83 2329 197 2382 victoria
215 2329 384 2397 voluptatem
405 2330 506 2399 attulit,
526 2331 600 2400 quod
620 2331 757 2384 hominem
778 2330 936 2384 honestissi-

84 2421 159 2458 mum
173 2405 327 2472 provinciae
342 2405 454 2472 Galliae,
474 2423 552 2461 suum
568 2407 730 2460 familiarem
745 2409 775 2459 et
790 2404 934 2474 hospitem,
980 2428 985 2439 ·

85 2484 211 2550 creptum
236 2497 251 2534 o
274 2480 400 2535 manibus
419 2482 539 2536 hostium
559 2483 611 2535 sibi
635 2482 795 2536 restitutum
814 2479 936 2548 videbat,

84 2573 175 2625 neque
187 2556 246 2625 ojus
258 2557 413 2611 calamitate
426 2558 461 2611 de
473 2560 551 2611 tanta
560 2558 700 2626 voluptate
713 2561 741 2612 et
752 2556 936 2626 gratulatione

46 2628 236 2706 „quidquam
253 2633 362 2687 fortuna
380 2634 557 2688 deminuerat.
594 2634 623 2688 Is
640 2650 670 2687 sc
687 2635 834 2703 praesente
851 2632 887 2685 do
905 2647 936 2684 so

84 2710 129 2761 tcr
157 2709 277 2763 sortibus
306 2710 457 2762 consultum
486 2709 603 2777 dicebat,
632 2712 725 2763 utrum
754 2708 811 2777 igni
841 2706 935 2761 statim

84 2788 230 2838 necaretur
250 2801 285 2837 an
305 2785 333 2838 in
357 2785 431 2839 aliud
455 2789 563 2853 tompus
585 2787 790 2849 reservaretur;
819 2782 935 2837 sortium

85 2858 217 2913 beneficio
229 2876 258 2913 se
271 2876 331 2913 esso
343 2860 510 2914 incolumem.
544 2861 617 2914 Item
629 2861 667 2914 M.
680 2860 798 2914 Mettius
809 2861 936 2928 repertus

86 2937 115 2986 et
127 2934 238 2989 adeum
250 2934 380 2990 reductus
392 2940 442 2990 est.

43 3017 55 3053 ἵ
138 3016 178 3065 54.
216 3011 277 3064 Hoc
288 3012 391 3078 proelio
402 3017 479 3066 trans
495 3011 621 3066 ereuum
639 3012 772 3079 nuntiato,
786 3009 875 3076 Saevi,
887 3009 935 3076 qni

84 3081 122 3137 ed
145 3086 219 3155 ripas
244 3085 334 3140 Rheni
353 3091 493 3156 venerant,
514 3087 625 3142 domum
649 3087 750 3142 reverti
771 3087 935 3156 coeperuut;
