2018 3396
93 114 142 164 ns
346 113 374 163 e.
398 111 500 162 suun
523 66 697 162 cunensis
782 92 784 98 ’

92 191 261 247 mentionem
279 191 464 260 superioribus
481 191 593 259 proeliis
610 191 731 257 fecimus,
748 207 781 244 ac
798 193 872 244 diem
889 193 949 259 jum

94 269 221 336 quintum
234 267 294 321 cibo
306 271 440 321 caruerat.
473 266 528 320 Hic
540 266 644 319 diffisus
656 283 721 320 suae
733 269 817 334 atque
829 269 950 321 onmium

94 345 176 397 sarlati
194 343 305 395 inermis
324 359 358 397 cx
375 343 551 397 tabernaculo
576 343 685 412 prodit:
709 342 784 397 uidet
806 343 951 398 imminere

93 419 187 473 hostes
199 426 284 487 atquo
296 421 324 472 in
337 436 442 473 summo
456 437 514 472 rem
527 437 588 474 esse
600 419 769 474 discrimine:
787 418 861 487 capit
873 436 951 474 arma

93 511 111 548 a
122 495 253 562 proximis
265 497 350 565 atquc
361 495 390 548 in
403 501 484 564 porta
496 497 627 550 consistit.
658 495 870 563 Consequuntur
878 495 951 550 lmnc

93 571 267 625 centuriones
275 571 335 640 ejus
342 573 462 626 cohortis
473 589 543 641 quac
551 573 578 624 in
587 571 705 626 statione
715 575 787 625 erat:
800 570 951 639 paullisper
971 632 978 645 .

93 661 150 699 rura
178 647 310 716 proelium
336 649 477 701 sustinent.
527 647 670 716 Relinquit
693 646 799 700 animus
823 647 951 700 Sextium

94 723 223 792 gravibus
238 724 358 792 acceptis
377 724 551 778 vulneribus:
568 740 651 792 aegre
668 740 718 792 por
731 739 827 776 manus
843 727 952 776 tractus

94 803 227 851 servatur.
260 800 320 854 llee
333 801 420 868 spatio
431 800 592 868 interposito
604 799 702 869 reliqui
715 814 775 852 sese
787 799 952 853 condmnant

93 877 202 927 tantum
212 875 278 928 utin
290 875 641 945 rrnmitionibusconsistere
649 875 768 928 audeant
777 874 952 943 speciemque

94 949 268 1003 defensorum
283 950 440 1018 praebeant.

146 1031 187 1079 39.
225 1025 339 1078 Interim
361 1026 484 1080 coniecta
501 1025 714 1079 frumentatione
738 1025 839 1078 milites
862 1026 950 1080 nostri

94 1099 239 1154 clamorem
253 1101 411 1158 exaudiunt.
448 1102 634 1155 l'raecurrunt
646 1101 754 1170 equites
765 1121 772 1166 ;
788 1105 892 1169 qmmto
904 1118 951 1155 res

95 1175 132 1230 sit
143 1177 170 1229 in
188 1177 309 1244 periculo
323 1182 495 1246 cognoscunt.
534 1178 589 1231 llic
604 1177 758 1230 veronulla
773 1176 890 1230 nmnitio
906 1182 952 1232 cst

95 1268 166 1318 quam
189 1254 353 1321 perterritos
371 1253 500 1322 recipiat:
521 1252 603 1305 modo
621 1252 765 1320 conscripti
784 1256 867 1320 atquo
885 1269 952 1307 usus

94 1328 222 1381 militaris
240 1329 360 1398 imperiti
379 1329 415 1382 ad
434 1329 573 1382 tribunum
590 1329 706 1380 militnm
723 1328 952 1398 centurionesque

94 1419 143 1456 orn
165 1409 342 1458 convertunt:
368 1404 434 1472 quid
452 1404 488 1457 ab
506 1404 548 1455 his
572 1402 755 1472 praecipiatur
777 1407 951 1471 exspectant:

94 1494 175 1533 nemo
188 1487 231 1533 est
245 1489 300 1532 tum
315 1481 394 1534 sortis
406 1480 470 1548 quin
482 1480 521 1532 rei
533 1480 655 1532 novitate
668 1479 853 1547 perturbetur.
884 1479 952 1534 Bar-

94 1553 154 1608 bari
180 1557 257 1624 signa
280 1556 373 1625 procul
398 1556 545 1624 oorrspicati
570 1555 772 1624 oppugnatione
795 1554 950 1611 desistunt:

94 1632 200 1685 redisse
219 1631 307 1700 primo
319 1632 440 1699 legiones
455 1631 578 1698 credunt,
591 1648 658 1698 qrras
675 1631 781 1697 longius
793 1630 951 1686 discessisse

94 1723 130 1759 ex
150 1709 265 1776 captivis
283 1712 480 1775 coguoverunt:
498 1711 594 1774 postca
613 1706 743 1774 despecta
759 1705 897 1774 paucitate
914 1723 950 1778 ex

94 1783 220 1835 onnlibus
233 1784 357 1851 [rarnbus
371 1783 504 1852 impetum
515 1782 625 1835 faciunt.

148 1865 191 1912 40.
227 1859 343 1912 Calones
352 1859 380 1911 in
393 1858 546 1926 proximum
555 1856 689 1911 tumulum
698 1859 875 1924 procurrunt:
886 1856 951 1913 bine

94 1934 222 1987 celeriter
235 1933 335 2000 deiecti
348 1951 377 1988 se
389 1936 416 1987 in
430 1934 507 2002 signa
519 1931 725 2000 manipulosque
736 1931 897 2000 conjiciunt:
916 1949 950 1988 eo

94 2010 183 2076 magis
201 2009 312 2063 timidos
330 2013 487 2083 perterrent
502 2009 611 2062 milites.
649 2008 705 2062 Alii
725 2023 811 2061 cunco
825 2008 898 2061 facto
917 2012 950 2064 ut

94 2085 222 2138 celeriter
240 2088 419 2153 perrumpant
436 2089 556 2152 censent,
575 2083 702 2153 quoniam
720 2086 778 2137 tam
796 2083 951 2152 propinqua

94 2162 151 2216 sint
168 2166 273 2225 castra3
292 2165 321 2215 et
338 2161 360 2213 si
378 2178 442 2230 pars
460 2161 552 2228 aliqua
569 2161 756 2214 circumventa
771 2159 909 2227 ceciderit
919 2173 950 2217 at

93 2237 215 2305 reliquos
225 2236 326 2290 servari
338 2253 418 2304 posse
425 2236 580 2290 confidunt:
593 2236 638 2289 alii
646 2235 714 2290 utin
723 2234 950 2303 jugoconsistaut

93 2317 179 2381 atque
197 2311 314 2365 cundem
333 2327 427 2365 omnes
444 2311 536 2365 ferant
553 2328 653 2365 casum.
690 2311 752 2365 Hoc
768 2313 877 2365 veteres
894 2328 949 2366 non

93 2388 212 2458 probant
222 2388 330 2456 milites,
340 2403 407 2456 qnos
418 2388 469 2441 sub
478 2387 577 2441 vexillo
587 2404 641 2441 una
652 2387 790 2456 profectos
800 2386 948 2441 docuimus

94 2465 196 2533 Itaque
220 2465 293 2517 inter
317 2480 347 2517 se
374 2463 509 2517 cohortati
538 2463 608 2516 duee
636 2462 665 2516 Ο.
690 2461 832 2528 Trebonio,
855 2463 950 2530 equite

93 2539 225 2602 Romano,
245 2540 292 2608 qui
312 2539 352 2594 eis
370 2543 431 2593 crat
454 2537 634 2608 praepositus,
658 2553 708 2606 per
731 2537 836 2590 medios
856 2536 950 2592 bostes

93 2621 275 2684 perrumpunt
299 2615 500 2683 incolumesque
522 2614 558 2668 ad
582 2629 665 2666 unum
690 2622 784 2665 omnes
807 2612 835 2664 in
858 2618 950 2668 eastra

92 2692 264 2760 perveniunt.
304 2692 363 2745 llos
381 2690 519 2744 subsecuti
543 2689 650 2743 calones
671 2687 833 2757 equitesque
851 2688 949 2742 codem

92 2768 198 2836 impetu
217 2768 334 2820 militum
353 2767 456 2820 virtute
475 2769 627 2818 servantur.
664 2765 705 2816 At
724 2763 744 2815 ii
762 2763 809 2832 qui
830 2763 858 2815 in
878 2762 950 2832 jugo

91 2843 280 2908 constiterant,
289 2842 361 2895 nullo
376 2841 459 2895 etiam
473 2856 544 2894 nunc
555 2856 607 2893 usu
619 2840 659 2892 rei
672 2838 799 2892 militaris
811 2843 949 2908 percepto,

92 2933 183 2986 neque
194 2918 222 2970 in
234 2935 266 2972 eo
279 2917 352 2986 quod
372 2917 553 2984 probaverant
566 2916 676 2969 consilio
692 2919 907 2983 permanereput
919 2931 950 2970 se

84 2992 149 3046 loeo
164 2995 309 3062 superiore
328 2991 520 3060 defenderent,
533 3008 624 3060 noque
642 3007 704 3043 eam
718 3006 801 3056 <quam
817 2988 949 3056 prodesse

69 3066 135 3116 aliis
150 3069 203 3121 rr'nr
217 3070 457 3142 celeritatemque
470 3069 605 3125 uiderant
617 3064 725 3121 imitari
741 3066 905 3129 patuerint,
912 3063 968 3110 sen

51 3137 125 3190 sein
139 3147 237 3201 castra
249 3149 314 3202 reci
315 3165 389 3220 pere
400 3148 502 3206 conati
510 3148 645 3217 iniquum
655 3140 791 3194 inlocum
797 3132 984 3184 demisesuut
