2018 3396
95 129 144 177 122
351 123 379 172 0.
397 122 415 170 J
418 121 499 171 ULII
517 117 691 168 CAESARIS

93 210 198 262 rantur,
235 205 304 259 Tum
322 204 483 259 collaudatis
503 201 676 267 Carnutibus,
689 201 755 255 dato
768 199 952 270 jurejurando

94 286 130 339 ab
143 283 268 338 omuibus
281 282 327 350 qui
339 281 464 348 aderant,
477 282 603 347 tempore
615 276 677 346 ejus
688 278 730 330 rei
745 278 898 355 constituto
917 276 952 331 ab

94 361 207 415 concilio
220 357 378 412 disceditur.
637 357 644 367 '
846 400 853 414 ,

147 443 171 490 3.
208 435 263 489 Ubi
280 451 313 488 ca
331 434 390 488 dies
405 432 488 499 venit,
502 431 639 486 Carnutes
656 431 774 485 Cotuato
787 433 816 483 et
834 430 951 484 Coneto

95 511 170 566 (luno
192 511 315 578 ducibus,
341 509 494 580 desperatis
522 506 685 574 hominibus,
710 505 854 559 Cenabum
874 507 950 575 signo

96 589 162 642 dato
193 590 366 652 concurrunt,
391 586 518 652 civesque
545 583 691 650 Romanos,
716 583 762 650 qui
791 583 950 650 negotiandi

95 681 177 718 causa
188 664 227 717 ibi
239 648 427 729 constiterant,
437 661 466 713 in
475 661 517 714 his
528 659 557 714 O.
571 659 684 712 Fusium
697 659 794 724 Citam,
804 659 949 713 honestum

95 741 218 809 equitem
232 739 393 805 Romanum,
407 738 454 806 qui
466 738 507 792 rei
518 737 714 790 frumentariae
728 734 810 803 jussu
826 736 951 790 Caesaris

94 820 229 885 praeerat,
237 817 406 869 interficiunt
416 815 541 884 bonaque
551 831 645 866 eorum
654 813 794 881 diripiunt.
816 812 951 866 Celeriter

95 891 132 945 ad
156 908 249 946 omues
274 892 378 946 Galliae
396 892 520 945 civitates
544 890 619 943 fama
642 890 799 958 perfertur3
822 904 885 942 nam
903 888 950 943 ubi

95 967 183 1035 major
206 971 290 1036 atquo
309 966 443 1023 illustrior
466 966 562 1021 incidit
584 983 637 1032 res,
656 966 775 1019 clamore
798 981 849 1033 per
870 981 950 1032 agros

95 1044 275 1113 regionesque
287 1045 457 1111 significant3
475 1043 546 1096 huno
560 1042 607 1094 alii
622 1042 752 1110 deinceps
768 1041 909 1108 excipiunt
921 1044 951 1094 et

95 1120 225 1186 proximis
248 1120 370 1187 tradunt,
389 1122 421 1173 ut
438 1122 498 1172 tum
516 1117 625 1172 accidit.
663 1117 734 1171 Nam
754 1134 824 1186 quae
843 1116 950 1170 Cenabi

95 1195 201 1248 oriente
210 1195 267 1249 sole
275 1200 354 1263 gesta
361 1197 461 1262 esseut,
469 1198 534 1247 ante
545 1194 664 1262 primam
671 1195 820 1247 confectam
829 1192 951 1260 vigiliam

95 1270 124 1322 in
142 1271 241 1347 finibus
261 1276 448 1325 Arvernorum
466 1269 561 1324 audita
579 1273 658 1335 sunt;
677 1269 751 1338 quod
770 1269 888 1337 spatium
907 1272 952 1322 est

96 1346 202 1400 milium
214 1348 324 1401 circiter
336 1364 395 1401 enx.

147 1427 171 1476 4.
208 1423 296 1487 ¹Simili
320 1424 426 1477 ratione
449 1423 488 1477 ibi
512 1421 730 1488 Vercingetorix,
750 1420 850 1474 Celtilli
870 1420 951 1485 filius,

97 1502 246 1567 Amemus,
268 1516 389 1553 summae
413 1500 552 1567 potentiae
576 1498 734 1552 adolescens
759 1495 847 1564 (cujus
870 1499 952 1565 pater

96 1575 279 1644 principatum
292 1575 398 1629 Galliae
411 1575 496 1628 totius
509 1575 673 1641 obtinuerat,
681 1576 710 1626 et
719 1573 754 1625 ob
764 1588 824 1626 eam
834 1588 952 1639 causam,

96 1651 171 1718 quod
195 1668 309 1718 regnum
334 1651 489 1720 appetebat,
508 1650 543 1704 ab
561 1650 673 1704 civitate
692 1651 753 1701 erat
770 1647 951 1715 interfectus),

96 1728 250 1780 convocatis
267 1728 322 1780 suis
339 1727 483 1780 clientibus
495 1727 575 1779 facile
589 1725 717 1779 incendit.
755 1723 872 1791 Cognito
889 1723 952 1792 ojus

96 1802 207 1854 consilio
219 1803 256 1855 ad
265 1820 340 1855 amia
348 1804 532 1856 concurritur:
545 1803 580 1854 ab
592 1801 773 1855 (lobanitione
785 1804 883 1869 patruo
893 1817 952 1870 suo,

96 1876 263 1945 reliquisque
281 1875 456 1946 principibus,
477 1879 524 1946 qui
544 1878 614 1931 hanc
636 1877 795 1931 tentandam
811 1878 951 1930 fortunam

96 1969 151 2005 non
170 1953 371 2019 existimabant,
392 1955 537 2022 expellitur
556 1972 590 2007 ex
609 1953 709 2022 oppido
729 1953 878 2020 Gergovia3
895 1970 951 2007 non

96 2027 206 2081 destitit
218 2032 318 2096 tauron,
331 2036 415 2098 atque
426 2031 454 2082 in
466 2031 539 2098 agris
556 2029 640 2083 habet
655 2028 793 2083 delectum
809 2029 951 2096 egentium
978 2032 981 2037 '

49 2156 53 2165 ,
96 2121 127 2156 ac
143 2103 321 2171 perditorum.
359 2105 420 2159 Hac
433 2112 526 2160 coacta
537 2123 627 2172 manu,
641 2122 827 2174 quoscumque
839 2105 899 2159 adit
915 2122 951 2159 ex

96 2180 207 2232 civitate
221 2180 256 2232 ad
269 2197 345 2233 suam
359 2183 521 2236 sententiam
537 2182 678 2251 perducit:
694 2181 821 2234 hortatur
833 2184 865 2234 ut
877 2198 951 2234 com-

63 2294 74 2317 .
95 2257 184 2308 mimis
197 2256 332 2310 libertatis
345 2273 426 2310 causa
438 2275 513 2311 arma
530 2260 652 2326 capiant:
672 2258 832 2325 magnisque
849 2257 951 2311 coactis

95 2332 180 2400 copiis
195 2332 366 2386 adversarios
381 2351 480 2401 suos,a
496 2334 596 2402 quibus
614 2335 705 2403 paullo
720 2337 784 2387 ante
802 2337 863 2387 erat
878 2333 951 2401 ejec-

96 2414 148 2474 tus,
162 2409 276 2477 expellit
288 2425 323 2462 ex
335 2410 453 2465 civitate.
485 2410 546 2463 Rex
558 2410 594 2464 ab
607 2411 662 2463 suis
672 2409 826 2478 appellatur
838 2431 844 2474 ;
857 2409 951 2463 dimit-

95 2486 131 2539 tit
150 2502 356 2554 quoquoversus
374 2486 539 2558 legationem
558 2487 715 2540 obtestatur
732 2487 806 2540 utin
823 2486 878 2538 fide
892 2503 950 2538 ma-

96 2566 186 2616 neant.
225 2562 360 2616 Celeriter
378 2563 430 2616 sibi
449 2564 578 2631 Senones,
597 2563 723 2629 Parisios,
744 2562 878 2628 Pictones,
898 2561 950 2614 Ca-

96 2638 201 2704 durcos,
210 2640 338 2705 Turonos,
349 2640 487 2709 Aulercos,
497 2641 662 2706 Lemovices,
672 2638 768 2692 Andos
775 2638 949 2706 reliquosque

96 2715 249 2783 omnesqui
266 2716 404 2769 Oceanum
425 2717 566 2784 attingunt
586 2716 728 2785 adjungit:
747 2715 867 2767 omnium
886 2730 949 2766 con·

96 2807 178 2843 sensu
190 2791 226 2844 ad
239 2809 302 2845 eum
315 2792 440 2846 defertur
451 2793 602 2861 imperium.
634 2793 694 2856 Qua
706 2791 798 2844 oblata
809 2783 949 2858 potestate

96 2867 220 2920 omnibus
237 2869 280 2921 his
297 2869 453 2922 civitatibus
470 2869 579 2923 obsides
596 2869 721 2938 imperat,
734 2871 839 2922 certum
855 2882 949 2920 nume·

95 2959 156 2995 rum
181 2943 299 2997 militum
323 2945 359 2998 ad
383 2962 412 2998 se
430 2945 557 2999 celeriter
581 2944 681 2999 adduci
697 2944 788 3012 jubet,
811 2959 949 2997 armomm

84 3022 221 3082 qzzantum
249 3038 379 3092 quaeque
404 3023 502 3078 civitas
521 3021 598 3076 domi
616 3021 748 3090 quodque
763 3023 831 3070 anto
843 3023 957 3080 tempus

68 3090 175 3146 efficiat
188 3099 356 3157 constituit:
376 3100 407 3156 in
421 3101 527 3173 primis
540 3099 688 3170 equitatui
698 3094 808 3150 studet.
840 3091 975 3167 summae

52 3159 231 3232 disit'eutiae
248 3192 402 3236 summam
416 3179 539 3253 imperii
557 3176 753 3233 seueritatem
768 3163 871 3219 sumu.
882 3169 994 3216 magns-
