2018 3396
94 121 140 167 ras
348 115 376 165 c.
394 113 497 164 suan
514 113 689 163 caessara
781 87 784 92 ’

93 201 177 265 atque
193 195 325 251 itinerum
349 195 492 262 angustiae
515 192 687 248 multitudini
706 192 801 261 fugam
819 192 949 247 interclu-

94 277 194 327 serant.
232 271 372 339 Oppidum
390 271 485 338 diripit
498 274 581 339 atquc
593 269 724 332 incendit,
736 268 870 337 praedam
882 269 950 322 mili-

93 350 167 403 tibus
197 347 464 412 donat,exercittnn1
491 346 611 414 Ligerim
635 345 790 399 transducit
778 348 899 413 tatque
923 345 950 399 in

95 425 142 479 Bit
131 425 252 492 turigum
264 423 332 476 fines
345 423 477 491 pervenit.

21 560 26 581 ,
149 505 187 552 12.
223 497 443 566 Vercingetorix,
466 498 514 551 ubi
536 498 572 552 de
593 498 720 552 Caesaris
743 496 864 551 adventu
889 513 952 566 cog·

93 576 177 641 novit,
191 575 395 643 oppugnatione
411 563 520 627 destitit
498 577 618 641 rtatque
634 573 742 627 οιιίιιιιι
759 572 872 627 Caesari
889 589 952 642 pro
985 580 989 587 ’

94 617 232 705 ficiscitur.
270 650 322 704 llle
349 649 480 718 oppidum
510 648 666 716 Biturigum
695 648 850 716 positum
842 665 871 701 ιιι
908 649 952 702 ria

95 727 289 781 Noviodunum
313 741 474 794 oppugnare
499 725 664 779 instituerat
702 724 761 788 Quo
784 741 820 777 ex
848 723 951 793 oppido

94 820 179 871 quum
195 802 280 870 legati
289 801 331 870 ad
339 818 402 854 cum
414 801 553 854 venissent
565 804 673 854 oratum
686 804 719 854 ut
731 799 783 853 sibi
795 800 951 868 ignosceret

95 896 214 946 simeque
234 879 306 932 vitae
337 877 499 943 consuleret,
523 879 555 931 ut
584 877 726 930 celeritate
755 875 876 944 reliquas
905 892 951 929 res

26 977 36 993 ·
95 956 241 1008 conficeret
258 971 313 1022 qua
329 953 461 1022 ploraque
474 956 534 1006 erat
546 955 715 1016 consecutus,
728 968 806 1005 arma
823 952 950 1020 proferri,

94 1048 179 1099 equos
197 1030 318 1098 produci,
337 1028 446 1082 obsides
460 1028 520 1082 dari
528 1028 619 1097 jubet.
654 1028 737 1082 Parte
748 1027 808 1095 jam
820 1027 950 1081 obsidum

94 1108 207 1173 tradita,
226 1123 310 1174 quum
329 1105 434 1174 r‘eliqua
459 1105 725 1172 administrarentur,
743 1103 958 1165 centurionibus

94 1189 124 1237 et
142 1183 235 1251 liuticis
253 1181 387 1235 militibus
412 1181 577 1234 intromissis
600 1181 647 1248 qui
671 1197 747 1234 arma
761 1179 951 1248 jumentaque

94 1255 294 1326 conquirerent,
314 1257 454 1325 equitatus
472 1255 590 1309 hostium
614 1252 710 1325 procul
736 1256 810 1309 visus
834 1258 879 1309 est
902 1255 950 1324 qui

94 1351 192 1403 agmen
202 1333 437 1400 Vercingetorigis
450 1336 643 1387 antecesserat.
679 1330 949 1399 Quemsimulatque

93 1409 223 1479 oppidani
242 1412 445 1477 conspexerunt
462 1412 547 1477 utique
562 1409 590 1461 in
606 1425 683 1478 spem
699 1407 791 1461 auxilii
803 1412 949 1476 venerunt,

94 1487 216 1540 clamore
231 1485 339 1539 sublato
358 1501 434 1538 arnm
451 1501 557 1552 capere,
575 1487 669 1552 portas
687 1483 822 1550 claudere,
838 1499 949 1537 murum

94 1563 231 1631 complere
249 1563 406 1629 coeperunt.
444 1561 626 1614 Centuriones
644 1561 672 1613 in
690 1560 792 1628 oppido
810 1575 895 1626 quum
913 1576 949 1613 ex

94 1638 293 1706 significatione
309 1637 448 1691 Gallorum
465 1636 527 1689 novi
544 1636 649 1704 aliquid
666 1635 755 1689 abhis
767 1634 830 1687 iniri
842 1635 948 1689 consilii

94 1714 302 1781 intellexissent,
331 1713 428 1780 gladiis
456 1712 596 1765 destrictis
619 1716 720 1781 portas
744 1714 950 1778 occupaverimt

95 1806 214 1858 suosque
226 1806 321 1844 omnes
333 1789 481 1842 incolumes
493 1791 665 1856 receperunt.

149 1872 188 1919 13.
224 1865 326 1919 Cacsar
338 1881 371 1918 ex
391 1865 486 1917 castris
504 1864 657 1930 equitatum
676 1862 754 1916 educi
768 1861 851 1930 jubet
870 1879 950 1931 proo-

93 1942 216 2009 liumque
246 1944 375 2008 equestre
398 1939 561 2003 committit3
584 1939 773 1992 laborantibus
800 1938 861 2005 jam
892 1938 950 1992 suis
976 1996 982 2007 ,

95 2017 247 2070 Germanos
260 2016 366 2084 equites
379 2015 488 2068 circiter
500 2029 564 2068 ccco
579 2014 725 2079 submittit,
739 2030 807 2082 quos
819 2014 854 2066 ab
869 2013 950 2068 initia

94 2109 186 2145 sucum
204 2091 306 2144 habere
322 2092 486 2145 instituerat.
524 2090 626 2144 Eorum
645 2090 778 2160 impetum
800 2089 871 2144 Galli
892 2107 951 2144 sus-

94 2170 183 2222 tinere
202 2183 256 2220 non
271 2170 428 2235 potuerunt,
450 2171 534 2234 atque
555 2167 583 2220 in
602 2167 695 2239 fugam
716 2166 832 2234 conjecti
853 2166 950 2220 multis

94 2244 201 2297 amissis
229 2259 259 2296 se
287 2242 324 2295 ad
348 2258 446 2310 agmen
469 2245 645 2313 receperunt:
670 2241 770 2309 quibus
795 2241 950 2310 profligatis

94 2336 189 2374 rursus
214 2318 342 2387 oppidani
362 2319 502 2387 perterriti
524 2318 733 2387 comprehensos
752 2334 806 2385 cos,
830 2334 948 2386 quoium

93 2412 177 2464 opera
196 2395 305 2465 plebem
324 2394 488 2448 concitatam
509 2394 713 2461 existimabant,
732 2393 770 2448 ad
798 2393 948 2448 Caesarem

93 2472 283 2542 perduxerunt
313 2486 427 2538 seseque
457 2471 482 2524 ci
511 2470 687 2524 dediderunt.
724 2469 830 2534 Quibus
863 2469 949 2523 rebus

94 2548 226 2602 confectis
250 2547 352 2601 Caesar
375 2545 412 2599 ad
435 2546 566 2615 oppidmn
595 2546 752 2612 Avaricum,
780 2544 854 2613 quod
886 2549 949 2600 enat

94 2625 242 2678 maximum
250 2623 516 2691 munitissimumque
528 2622 556 2675 in
569 2621 669 2674 finibus
688 2621 844 2688 Biturigum
861 2626 948 2689 atque

94 2701 154 2768 agri
166 2699 333 2754 fertilissima
344 2698 463 2766 regione,
475 2697 614 2766 proiectus
623 2701 683 2784 ost;
702 2696 776 2767 quod
794 2713 826 2750 oo
844 2696 948 2765 oppido

93 2780 205 2844 recepto
227 2775 365 2828 civitatem
387 2774 436 2828 Bit
424 2773 546 2841 turigum
570 2789 600 2827 so
621 2773 649 2825 in
669 2776 836 2841 potestatem
850 2771 947 2841 redae·

93 2856 187 2907 turum
200 2850 362 2906 confidebat.

147 2934 189 2982 14.
225 2925 435 2994 Vercingetorix
447 2928 491 2980 tot
502 2924 637 2979 continuis
647 2896 825 2980 inconimodis
834 2922 947 2980 Vellau-

80 3003 193 3070 noduni
214 3003 329 3072 Genabi,
350 3000 653 3068 N0v1odumacceptis
671 3017 736 3052 suos
752 2999 952 3053 secundulum

66 3083 210 3134 convocat
252 3081 350 3138 Docet
350 3081 432 3153 «long
412 3099 448 3138 <re
468 3081 528 3136 alia
537 3077 652 3144 ratione
664 3089 729 3128 esse
741 3071 855 3122 bellum
869 3084 969 3130 geren-

50 3149 123 3204 dum
140 3159 240 3233 atque
254 3163 350 3243 antea
368 3160 415 3218 sit
434 3163 573 3234 gestum:
595 3132 733 3209 omnibus
746 3137 928 3198 asadiam
940 3136 989 3186 1³3³
