2018 3396
97 119 144 168 102
372 114 399 163 C.
418 113 519 164 JULII
536 113 710 162 CAESARIS

95 193 197 248 coactis
208 191 360 261 legionibus
372 192 407 246 de
419 190 565 261 improviso
577 193 605 246 in
614 193 684 247 fines
702 193 867 248 Nerviorum
882 211 947 250 eon-

95 269 194 336 tcndit‚
214 274 243 322 et
263 269 435 336 priusquam
452 268 491 321 illi
508 273 556 322 aut
573 270 717 324 convenire
732 275 781 324 aut
798 271 947 340 profugere

96 348 216 415 possent,
229 360 329 410 magne
347 343 452 411 pecoris
472 349 556 413 atque
575 345 716 399 hominum
733 365 845 400 numero
863 353 947 416 capto

95 425 179 489 atque
192 437 224 473 ea
235 419 339 488 praeda
350 419 482 474 militibus
494 438 622 475 concessa
633 423 802 491 vastatisque
818 424 900 492 agria,
916 424 947 478 iu

96 496 263 550 deditionem
284 495 376 549 venire
399 497 607 568 atqueobsides
622 498 674 551 sibi
691 498 758 552 dare
772 500 867 567 coegit
905 501 947 554 Eo

95 573 221 627 celeriter
232 572 354 626 confecto
366 573 475 640 negotio
488 591 581 627 rursus
593 575 621 627 in
636 575 749 628 hiberna
765 576 886 643 legiones
903 593 948 630 re-

96 648 181 702 duxit.
203 647 338 716 ¹Concilio
368 648 474 716 Galliae·
500 650 588 718 primo
616 668 689 722 rere,
720 656 752 705 ut
779 652 947 723 instituerat,

95 724 197 777 indicto
214 741 298 793 quum
310 725 409 793 reliqui
423 730 534 793 practer
552 726 679 795 Senones,
698 719 840 796 Carnutes,
854 728 947 781 Trevi-

96 818 195 868 resquc
217 800 364 869 venissent,
384 802 490 854 initium
506 801 571 854 belli
593 819 624 856 ac
643 803 802 856 defectionis
817 804 866 856 hoc
885 821 947 857 esse

96 877 252 945 artritratus,
275 880 307 930 ut
331 877 421 930 omnia
443 880 506 948 pest
525 873 607 932 onere
635 879 775 933 rideretur
802 879 947 933 concilium

96 952 235 1005 Lutetiam
248 954 415 1007 Parisiorum
427 896 568 1009 transfert.
593 956 810 1027 Confines‘erant
820 955 849 1008 hi
863 956 947 1009 Seno-

95 1028 175 1080 nibus
187 1028 381 1097 civitatemque
392 1034 502 1098 patrum
515 1031 647 1084 memoria
664 1032 860 1099 conjunxerant
868 1042 883 1097 ;’
896 1032 947 1085 sed

96 1104 130 1157 ab
151 1104 202 1157 hoc
225 1107 334 1160 consilio
357 1106 476 1159 abfuisse
495 1106 728 1161 existimabantur.
765 1108 826 1161 Hac
845 1124 876 1160 re
895 1125 946 1176 pro

96 1184 427 1250 suggestu'pronunciata
452 1183 548 1236 eodem
576 1183 622 1236 die
650 1200 725 1236 cum·
739 1183 889 1251 legionibus
918 1185 946 1236 in

96 1258 216 1310 Senones
228 1259 409 1327 proficiscitur
420 1259 581 1327 magnisque
592 1259 737 1312 itineribus
750 1276 782 1312 co
794 1260 928 1326 pervenit.

148 1340 171 1387 4.
208 1334 323 1402 Cogniito
344 1335 405 1403 ejus
426 1335 546 1389 adventu
569 1333 651 1400 Acce,
673 1335 720 1402 qui
737 1335 864 1403 princeps
885 1336 947 1402 ejus

95 1410 198 1462 consilii
211 1411 308 1477 fuerat,
318 1410 400 1478 jubet
411 1413 438 1464 iu
451 1411 552 1479 oppida
569 1411 772 1464 multitudinem
788 1410 947 1477 convenire3

95 1486 256 1539 cenantibus
269 1488 344 1554 prius
366 1503 446 1555 quarn
460 1486 491 1539 id
505 1487 573 1539 effici
588 1489 681 1553 posset
695 1486 792 1539 adesso
809 1487 947 1539 Romanos

96 1562 254 1626 nunciatur;
278 1564 430 1615 necessario
457 1561 593 1615 sententia
623 1561 760 1624 desistunt
786 1562 947 1630 legatosque

96 1637 260 1705 deprecandi
285 1655 366 1691 causa
389 1638 425 1690 ad
450 1638 595 1704 Caesarem
619 1638 748 1703 mittunt;
768 1637 870 1691 adeunt
895 1655 948 1706 per

97 1712 210 1765 Aeduos
222 1730 336 1780 quorum
349 1713 501 1781 antiquitus
513 1716 573 1766 crat
584 1714 612 1766 in
624 1714 679 1767 fide
688 1714 790 1767 civitas.
807 1713 948 1767 'Libenter

97 1788 198 1841 Caesar
209 1789 367 1856 petentibus
382 1789 489 1843 Aeduis
504 1789 553 1842 dat
568 1789 675 1843 veniam
690 1785 948 1856 excusationemque

96 1865 289 1932 accipit,·quod
300 1865 434 1919 aestivum
446 1869 554 1934 tempus
563 1866 691 1918 instantis
701 1866 772 1931 belli,
782 1878 839 1918 non'
849 1881 948 1933 quaes-

87 1940 177 1994 'tionis
201 1950 261 1994 esse
280 1941 473 1995 arbitrabatur.
509 1941 657 1995 Obsidibus
675 1941 815 2009 imperatis
828 1945 947 2009 centuni,

95 2016 145 2069 hos
178 2017 284 2070 Aeduis
315 2018 505 2070 custodiendos
535 2017 628 2070 tradit.
674 2017 777 2069 Eodem
810 2016 947 2070 Carnutes

85 2094 200 2160 ¹legatos
221 2093 385 2162 obsidesque
404 2094 519 2146 mittunt
539 2093 582 2146 usi
601 2092 826 2161 deprecatoribus
850 2092 947 2146 Remis

96 2188 211 2239 quorum
236 2173 316 2222 erant
338 2170 366 2221 iu
386 2169 527 2224 clientela:
564 2168 660 2222 eadem
683 2168 776 2221 serunt
807 2183 950 2241 responsa

97 2247 209 2314 Peragit
241 2245 384 2299 concilium
414 2245 514 2298 Caesar
544 2244 707 2313 equitesque
736 2244 853 2312 imporat
882 2243 947 2296 civi-

96 2322 206 2376 tatibus.
819 2358 822 2366 ·

149 2405 172 2450 5.
205 2397 266 2449 Hac
277 2400 356 2464 parte
369 2396 576 2464 Galliaepacata
587 2399 663 2449 totus
672 2397 701 2448 et
710 2399 802 2448 mente
815 2398 844 2448 et
856 2395 947 2448 animo

29 2530 33 2536 ,
96 2475 124 2528 in
136 2473 238 2527 bellum
251 2473 423 2525 Trevirorum
432 2477 461 2525 et
470 2471 638 2538 Ambiorigis
646 2471 755 2524 insistit.
767 2469 945 2524 'Cavarinum

96 2568 156 2603 eam
172 2550 298 2617 equitatu
315 2548 452 2602 Scnou'um
471 2564 561 2600 seeum
579 2546 711 2615 proficisci
725 2545 814 2613 jubet,
831 2563 866 2599 ne
884 2547 947 2614 quis

95 2633 143 2680 aut
158 2643 191 2679 ox
209 2625 290 2694 hujus
309 2624 449 2678 iracundia
466 2627 513 2676 aut
529 2640 562 2676 ex
579 2639 612 2675 co
630 2622 704 2690 quod
723 2625 861 2674 meruerat
882 2623 946 2674 odio

95 2703 213 2756 civitatis
233 2706 322 2755 motus
344 2701 464 2754 exsistat.
509 2698 561 2752 llis
580 2698 664 2751 rebus
683 2698 846 2763 constitutis,
871 2698 946 2764 quod

95 2796 145 2848 pro
155 2781 294 2848 explorato
304 2777 424 2831 habebat
436 2776 623 2843 Ambiorigem
636 2775 738 2843 proelio
751 2791 803 2826 non
815 2789 875 2827 esse
885 2788 946 2825 con-

96 2860 271 2923 certaturum,
288 2854 392 2924 reliqua
408 2853 468 2921 ejus
480 2853 590 2906 consilia
602 2852 691 2904 animo
704 2849 944 2917 circumspiciebat.

73 2919 81 2932 ⁸
97 2934 183 2987 Erant
205 2932 324 3000 Menapii
341 2931 485 3000 propinqui
504 2929 661 2982 Eburonum
680 2926 786 2990 finibus,
804 2924 946 2993 perpetuis

75 3011 234 3074 paludibus
248 3009 384 3078 silvisque
402 3007 511 3078 muniti,
531 3007 579 3076 qui
597 3005 647 3059 uni
665 3021 703 3071 en
718 3002 810 3055 <tallia
827 3001 950 3084 beUuaeo

62 3084 107 3136 ad
121 3086 274 3141 Gaesarem
288 3089 402 3156 legatos
414 3104 575 3159 numquam
586 3084 735 3139 irriserant.
768 3073 894 3161 Sumtus
904 3085 967 3149 esse

48 3153 216 3226 hospitium
232 3165 406 3239 Anibiorigi
420 3167 556 3224 sciebat:
569 3165 645 3220 item
657 3176 709 3230 ner
720 3155 860 3208 'treviros
868 3152 986 3194 sanese
