2018 3396
348 468 467 523 LIBER
485 468 667 526 OCTAVUS.

463 657 565 688 ‘'¹⁴'-

80 814 206 869 Coscrus
225 811 341 867 assiduis
357 814 412 867 tuis
428 813 546 881 vocibus,
560 813 658 886 ¹Balbe,
674 831 758 884 quum
775 813 935 884 quotidiana

79 906 141 944 mea
151 890 286 944 recusatio
298 906 352 944 non
361 889 531 944 difficultatis
540 890 750 959 exeusationem,
760 891 810 945 sed
818 892 935 945 inertiae

79 966 221 1021 uideretur
237 964 459 1035 deprecationem
474 965 584 1032 habere,
598 966 783 1020 difficillimam
799 984 858 1021 rem
875 983 935 1021 sus-

78 1043 148 1112 cepi.
183 1041 308 1096 Caesaris
331 1042 418 1096 uostri
441 1041 650 1095 commentarios
672 1059 766 1096 rerum
793 1047 934 1111 gestarum

79 1118 192 1185 Galliae,
207 1134 261 1172 non
277 1117 476 1187 comparandos
490 1117 677 1187 superioribus
692 1122 776 1187 atque
792 1119 935 1187 insequen-

78 1194 154 1248 tibus
166 1193 227 1263 ejns
240 1194 355 1262 seriptis,
369 1193 506 1260 contexui,
521 1192 752 1262 novissimumque
766 1192 820 1264 [ac]
834 1194 934 1264 imper·

77 1271 181 1324 foetum
205 1269 241 1324 ab
264 1269 347 1324 rebus
364 1270 450 1337 gestis
470 1268 655 1322 Alexandriae
672 1269 775 1323 confeci
792 1286 879 1339 usque
896 1271 934 1326 ad

78 1348 183 1401 exitum
195 1362 249 1399 non
261 1346 372 1415 quidem
385 1345 471 1399 civilis
487 1345 671 1411 dissensionis,
681 1345 761 1414 cujus
775 1346 855 1400 finem
873 1347 933 1400 nul-

77 1421 135 1476 lum
158 1422 291 1488 videmus,
315 1421 366 1475 sed
390 1422 463 1476 vitae
486 1420 618 1475 Caesaris.
655 1422 729 1487 Quos
753 1421 859 1476 utinam
885 1423 933 1492 qui

77 1498 171 1566 legent
182 1498 253 1552 scire
262 1497 376 1567 possint,
377 1502 468 1566 'quam
480 1497 581 1550 invitus
590 1497 756 1567 susceperim
766 1497 932 1571 scribendos,

77 1591 134 1644 quo
131 1574 249 1628 facilius
261 1591 368 1628 caream
382 1574 480 1633 stultit'
461 1578 516 1633 t1ac
527 1576 612 1642 atquc
623 1574 802 1704 adrogantiae
818 1575 933 1630 crimine

77 1650 126 1720 qui
149 1667 195 1705 me
217 1650 316 1705 mediis
337 1649 547 1724 interposuerim
566 1649 689 1704 Caesaris
707 1650 792 1718 script
792 1650 822 1703 is.
861 1652 933 1706 Con-

78 1730 136 1781 stat
154 1726 232 1781 enim·
245 1726 318 1781 inter
339 1743 434 1780 omnes
450 1725 519 1779 nihil
537 1729 595 1779 tam
611 1741 726 1793 operose
743 1725 779 1779 ab
796 1726 855 1780 aliis
872 1744 933 1781 esso

77 1805 231 1873 perfectum
248 1801 323 1872 quod
341 1819 395 1856 nou
411 1802 508 1855 horum
525 1801 661 1870 elegantia
676 1802 932 1859 commentariorum

78 1882 230 1968 superetur.
267 1878 320 1944 Qui
340 1881 405 1932 sunt
421 1878 488 1932 editi
504 1894 539 1932 ne
555 1877 670 1931 scientia
684 1881 823 1932 tantarum
839 1896 932 1934 rerum

77 1956 163 2024 script
151 1954 257 2009 toribus
268 1954 378 2008 deesset
366 1953 522 2022 t‚adeoque
533 1952 652 2022 probant
653 1971 686 2007 ur
697 1955 817 2009 oninium
824 1955 932 2023 judicio

76 2035 109 2085 ut
120 2034 266 2099 praerepta
277 2047 331 2091 non
343 1995 469 2099 prdebita
480 2029 596 2084 facultas
608 2025 786 2100 scriptoribus
797 2031 890 2095 videat
878 2037 930 2089 tur

78 2107 164 2176 Cujus
184 2111 277 2161 tamen
301 2107 342 2161 rei
365 2105 454 2196 major
476 2110 571 2161 nostra
594 2123 675 2175 quam
699 2109 865 2178 reliquorum
888 2115 932 2163 est

59 2240 62 2246 ,
76 2183 202 2236 admirat
183 2186 235 2238 ιιι)
254 2183 338 2237 ceteri
352 2184 423 2237 enim
437 2198 518 2250 quam
530 2182 645 2237 beliot
615 2188 645 2237 at
646 2201 700 2253 que
719 2184 870 2246 emendate
883 2201 932 2238 nos

75 2277 92 2312 e
94 2261 159 2314 tiam
171 2276 252 2328 quam
265 2259 344 2313 facile
360 2262 444 2326 atque
459 2258 588 2312 celeriter
603 2275 650 2313 eos
664 2261 811 2328 perfecerit
825 2263 932 2317 seimus.

76 2336 145 2389 Erat
162 2339 255 2388 autern
273 2336 301 2388 in
320 2335 438 2389 Caesare
455 2351 540 2402 quum
558 2333 675 2388 facultas
693 2339 777 2404 atquc
795 2335 932 2405 elegantia

76 2427 182 2464 summa
193 2410 338 2478 scribendi,
348 2414 409 2463 tum
421 2409 563 2462 verissima
576 2410 690 2464 scicntia
703 2427 814 2465 suorum
827 2412 933 2466 consili·

75 2503 155 2539 orum
167 2485 399 2553 explicandorum.
433 2483 503 2537 Mihi
518 2501 554 2538 ne
569 2482 637 2538 illud
655 2486 769 2554 quidem
784 2487 884 2541 accidit
899 2491 932 2542 ut

78 2560 266 2614 Alexandrino
290 2563 373 2629 atque
401 2560 531 2614 Africano
560 2559 632 2614 bollo
661 2561 839 2628 interessem
862 2579 933 2632 quae

76 2636 149 2690 bella
165 2652 330 2704 quamquam
347 2652 382 2690 ex
400 2639 480 2704 parto
497 2635 576 2690 nobis
594 2637 718 2691 Caesaris
736 2654 861 2692 sermone
877 2639 933 2694 sint

75 2716 148 2777 nota,
159 2715 251 2765 tamen
263 2711 344 2765 aliter
360 2713 486 2766 audimus
501 2729 620 2782 eaquae
636 2730 729 2768 rerum
745 2714 867 2768 novitate
883 2717 933 2769 aut

76 2787 259 2842 admiratione
281 2804 330 2842 nos
353 2789 472 2858 capiunt,
496 2789 577 2842 aliter
603 2806 673 2858 quae
699 2806 749 2860 pro
777 2791 933 2845 testimonio

76 2881 170 2920 sumus
186 2864 294 2918 dicturi
331 2866 387 2921 Sed
405 2883 456 2934 ego
472 2865 609 2932 nimirum,
627 2865 695 2920 dum
714 2883 808 2921 omnes
820 2883 937 2925 enesim„

76 2943 158 2996 tionis
168 2958 264 2996 causas
280 2942 378 3014 colligo
393 2961 430 2999 ne
446 2960 513 2998 cuni
527 2943 653 2998 Caesare
668 2943 815 2998 contem
815 2935 899 2984 ‘aaa
895 2943 965 2988 xasa

69 3020 172 3075 crimen
185 3020 374 3092 adrogantiae
396 3023 486 3081 subeo
512 3021 598 3093 quod
612 3036 666 3074 me
684 3014 804 3082 'Judxe'xo
814 3003 965 3062 epsffiw

47 3095 228 3156 existimem
240 3118 328 3174 posse
346 3122 416 3162 eum
432 3103 568 3162 Caesare
579 3088 768 3166 campeaux
796 3077 841 3126 ‘l
836 3069 899 3120 ὼ
