2018 3396
425 119 536 168 LIBER
553 121 576 169 1.
589 133 591 137 ⁴
894 127 925 173 23

125 202 167 252 43.
203 197 335 252 Planities
347 201 518 268 eratmagna
529 204 558 254 et
569 201 597 254 in
613 218 647 255 ea
661 202 783 257 tumulus
798 205 925 258 terrenus

73 273 141 327 satis
159 273 278 341 grandis.
315 275 370 329 Hic
388 274 463 330 locus
481 293 567 344 aequo
586 278 646 331 lere
664 278 808 347 spatio-ab
827 280 925 333 castris

74 349 206 403 Ariovisti
217 353 247 404 et
256 351 380 404 Caesaris
389 351 491 405 aberat.
527 353 568 406 Eo
577 356 610 406 ut
621 357 680 407 erat
687 353 792 407 dietum
800 353 836 407 ad
846 354 926 408 collo·

72 426 166 491 quium
177 431 318 480 venerunt.
354 427 501 494 Legionem
515 429 622 496 Caesar,
634 446 714 497 quam
731 430 808 498 equis
825 429 924 484 derex-

72 504 140 567 erat,
156 501 280 569 passibus
300 502 424 556 ducentis
435 503 470 556 ab
490 520 522 558 eo
541 504 646 558 tumulo
664 505 813 560 constituit.
849 504 923 560 Item

72 577 179 643 equites
188 577 319 630 Ariovisti
330 578 390 646 pari
402 578 544 632 intervallo
557 580 747 634 constiterunt
767 580 923 634 Ariovistus

71 667 107 704 ex
116 652 194 719 equis
202 657 234 708 ut
242 652 459 721 colloquerentur
468 656 497 707 et
505 657 615 722 praeter
623 671 653 708 se
663 656 747 709 denos
755 659 788 710 ιιι
796 655 833 709 ad
844 656 923 710 collo

71 727 164 795 quium
176 727 346 786 adducerent
357 730 511 797 postulavit.
546 729 602 783 Ubi
618 746 649 784 eo
667 734 779 785 ventum
795 733 845 798 est,
856 732 922 785 Cae

71 818 117 855 sar
127 802 205 855 initio
216 804 346 857 orationis
359 821 408 857 sua
419 808 582 872 senatusque
593 805 622 858 in
634 822 696 859 eum
708 805 840 860 beneficia
851 823 922 860 com-

70 879 238 945 memoravit,
260 879 339 943 Quod
358 896 408 933 rex
427 880 579 948 appellatus
598 884 672 934 esset
687 897 704 934 a
721 885 825 947 senatu,
845 882 921 951 quod

70 953 179 1021 amicus,
198 954 271 1022 quod
289 971 402 1011 munera
419 955 584 1024 amplissima
600 956 698 1021 missa;
715 973 796 1024 qnam
814 973 873 1011 rem
891 961 920 1011 et

69 1030 162 1097 paucis
179 1030 324 1097 contigisse
342 1034 371 1083 et
393 1046 443 1098 pro
465 1030 571 1098 magnis
587 1031 726 1084 hominum
747 1031 841 1085 officiis
858 1048 920 1084 eon-

69 1121 164 1158 suesse
175 1104 262 1158 tribui
274 1104 405 1170 docebat3
416 1105 499 1173 illum,
509 1122 593 1174 quum
605 1123 693 1174 neque
709 1107 814 1160 aditum
830 1123 920 1174 neque

68 1196 178 1234 causam
200 1180 355 1248 postulandi
374 1180 480 1249 justam
503 1181 626 1249 haberet,
645 1181 777 1236 beneficio
798 1199 829 1236 ac
852 1182 919 1236 libe-

56 1256 180 1309 ¹ralitate
190 1259 396 1310 suaacsenatus
405 1272 438 1308 ea
446 1258 567 1325 praemia
575 1260 757 1310 consecutum.
794 1252 919 1311 Docebat
965 1274 976 1287 ·‘

68 1331 153 1385 etiam
164 1348 247 1400 quam
258 1334 365 1385 veteres
377 1347 515 1400 quamque
524 1330 618 1398 justae
630 1347 726 1385 causae
739 1333 918 1386 necessitudi-

68 1406 110 1462 nis
119 1407 186 1474 ipsis
194 1423 257 1461 cum
268 1406 372 1460 Aeduis
381 1407 600 1475 intercederept;
612 1423 683 1474 quae
692 1411 803 1461 senatus
812 1409 917 1461 consul-

67 1487 105 1549 ta,
120 1482 228 1550 quoties
244 1499 380 1550 quamque
397 1482 545 1552 honorifica
561 1481 590 1534 iu
608 1499 654 1536 cos
671 1483 744 1536 facta
761 1486 868 1548 essent;
885 1489 917 1537 ut

66 1559 142 1611 omni
154 1560 278 1626 tempore
289 1559 375 1611 totius
388 1557 491 1611 Galliae
507 1557 688 1626 principatum
705 1556 796 1610 Aedui
816 1561 925 1612 tenuis·

66 1636 136 1700 sent,
150 1634 225 1700 prius
240 1633 323 1687 etiam
340 1650 421 1701 quam
438 1636 559 1686 nostram
575 1632 723 1687 amicitiam
739 1632 907 1703 appetissent

68 1709 166 1777 Populi
178 1709 293 1761 Romani
301 1709 371 1761 hanc
381 1725 440 1762 esse
450 1708 682 1773 consuetudinem,
691 1711 724 1762 ut
733 1708 820 1761 socios
832 1712 915 1776 atque

65 1785 167 1838 amicos
179 1800 232 1837 non
244 1785 325 1837 modo
339 1783 380 1837 sui
396 1784 463 1837 nihil
480 1784 639 1853 deperdere,
652 1783 702 1837 sed
717 1784 815 1850 gratia,
828 1783 913 1851 digni

65 1860 240 1929 tete,h0nore
252 1860 386 1913 auctiores
398 1860 464 1913 velit
477 1876 549 1913 esso:
562 1859 636 1928 quod
648 1876 712 1912 vero
721 1859 758 1912 ad
767 1859 913 1913 amicitiam

65 1935 159 2004 populi
171 1935 287 1988 Romani
298 1935 470 2001 adtulissent,
482 1934 512 1987 id
523 1935 557 1988 iis
568 1935 637 2003 eripi
653 1935 715 2004 quis
730 1936 788 2002 pati
804 1942 898 2003 posset
906 1938 915 1989 l

66 2011 219 2065 Postulavit
232 2009 332 2063 deinde
344 2010 441 2064 eadem
452 2027 523 2078 quae
535 2010 632 2078 legatis
644 2010 672 2062 in
684 2010 818 2064 mandatis
831 2011 915 2065 dede-

64 2090 117 2154 rat,
134 2103 169 2140 ne
188 2089 237 2139 aut
256 2085 363 2139 Aeduis
381 2089 429 2139 aut
448 2102 543 2139 eorum
563 2085 641 2138 sociis
660 2084 762 2138 bellum
785 2085 914 2150 inferret3

64 2161 174 2216 obsides
181 2160 326 2225 redderet3
339 2161 362 2213 si
371 2161 586 2228 nullampartcm
595 2160 792 2215 Germanorum
802 2161 912 2214 domum

64 2239 207 2298 remittere
222 2239 323 2304 posset,
336 2239 366 2289 at
381 2252 416 2289 ne
433 2253 502 2303 quos
519 2237 635 2304 amplius
654 2236 779 2290 Rhenum
797 2237 914 2291 transire

84 2317 212 2371 aleretur.
949 2354 952 2359 .

64 2330 83 2386 p
115 2394 157 2445 44.
186 2386 340 2441 Ariovistus
346 2387 382 2439 ad
389 2385 527 2454 postulata
535 2385 659 2439 Caesaris
667 2402 752 2454 pauca
763 2386 913 2454 respondit,
959 2375 964 2385 ⁶

63 2467 99 2520 dc
116 2465 172 2518 suis
191 2462 339 2518 virtutibus
357 2463 444 2515 multa
459 2461 641 2530 praedicavit:
661 2460 802 2515 Transisse
821 2461 913 2515 Rhen-

62 2558 109 2594 um
126 2557 186 2594 sese
201 2555 254 2593 non
271 2554 320 2591 sua
337 2540 440 2606 sponte,
457 2537 508 2590 sed
526 2540 652 2604 rogatum
669 2540 699 2590 et
717 2536 876 2590 arcessitum
896 2554 913 2590 a

63 2616 163 2682 Gallis3
180 2631 235 2668 non
246 2614 305 2667 sine
320 2629 416 2681 magna
431 2629 481 2680 spe
492 2613 651 2680 magnisque
662 2611 790 2679 praemiis
802 2611 912 2665 domum

61 2691 281 2760 propinquosque
292 2688 449 2755 reliquisse3
461 2687 540 2741 sedes
551 2687 653 2741 hebere
664 2688 692 2740 in
705 2686 794 2740 Gallia
802 2687 836 2740 ab
845 2687 912 2754 ipsis

62 2782 210 2832 concessas,
223 2763 330 2817 obsides
345 2763 464 2830 ipsorum
479 2762 619 2816 voluntate
633 2762 726 2826 datos3
745 2761 912 2830 stipendium

61 2857 160 2912 capere
165 2840 229 2908 jure
236 2838 302 2892 belli
310 2839 384 2906 quod
392 2839 509 2891 victores
516 2837 595 2891 victis
602 2838 741 2904 imponere
748 2837 910 2891 consuerint.

62 2918 125 2970 Non
138 2932 197 2968 sese
210 2914 295 2968 Gallis
307 2913 357 2966 sed
369 2913 461 2966 Gallos
473 2913 525 2966 sibi
542 2913 643 2965 bellum
658 2912 798 2978 intulisso;
817 2929 911 2966 omnes

62 2991 167 3046 Galliae
179 2990 303 3044 civitates
315 2989 351 3042 sd
363 3005 392 3042 se
404 2990 613 3056 oppugnandum
622 2988 728 3042 venisse
738 3005 769 3041 ac
778 2992 920 3040 concesse

60 3071 151 3123 castra
162 3065 303 3120 habuisse:
316 3081 363 3118 eas
374 3079 469 3119 omnes
481 3065 604 3134 eopiosa
612 3061 834 3126 seunoqsselxo
838 3057 947 3118 queas
