2018 3396
48 135 80 184 10
304 136 331 180 0.
349 133 367 181 J
373 133 451 181 ULII
469 133 641 183 CAESARIS

102 217 141 266 19.
179 210 283 276 Quibus
294 210 376 264 rebus
389 211 510 278 cognitis,
523 229 606 281 qumn
618 213 655 266 ad
670 212 719 266 has
736 215 902 283 suspiciones

46 288 215 343 certissimae
232 303 277 340 res
294 287 463 356 accederent,
476 289 550 357 quod
565 305 615 358 por
629 291 698 343 fines
716 290 901 358 Sequanorum

47 363 191 419 Helvetios
210 362 419 433 transduxisset,
432 368 506 435 qnod
522 365 632 420 obsides
649 368 722 421 inter
738 385 785 422 cos
797 370 901 424 dandos

46 444 177 509 curasset,
186 439 260 510 quod
272 457 304 494 oa
317 443 407 495 omnia
418 458 472 495 non
483 443 564 496 modo
573 443 678 512 injussu
686 461 734 497 suo
744 448 774 499 et
783 446 902 500 civitatis

46 521 96 574 sed
115 520 199 574 etiam
216 517 394 571 inscientibus
411 519 477 588 ipsis
492 519 610 587 fecisset
622 521 695 590 quod
711 522 902 589 amagistratu

47 596 208 650 Aeduorum
227 599 409 661 accusaretur,
431 595 497 648 satis
519 613 578 650 csso
599 613 696 650 causae
715 597 901 653 arbitrabatur

46 689 131 742 quaro
149 671 177 726 in
199 689 261 726 eum
286 675 335 725 aut
355 671 413 739 ipse
435 671 674 739 animadverteret,
694 678 743 727 aut
761 675 901 729 civitatem

21 804 26 811 ,
46 748 266 802 animadvertere
281 747 402 814 juberet
439 747 493 801 llis
511 748 636 802 omnibus
654 749 736 802 rebus
755 767 844 804 unum·
858 768 901 805 rc-

46 825 186 894 pugnabat
206 824 280 893 quod
300 824 426 876 Divitiasi
447 824 543 877 fratris
565 842 699 878 summum
723 826 751 879 in
770 828 900 895 populum

47 901 200 956 Romanum
212 900 341 969 studium,
351 917 482 954 summam
495 901 523 954 in
536 918 565 954 se
577 902 754 969 voluntatem,
763 904 900 970 egregiam

46 978 138 1044 fidem,
145 979 291 1046 justitiam,
300 978 511 1046 temperantiam
524 982 690 1044 cognoverat
696 1000 704 1046 ς
716 996 779 1032 nam
791 997 825 1032 no
839 979 900 1047 ojus

47 1054 177 1122 supplicio
190 1055 316 1109 Divitiaci
329 1056 448 1108 animum
457 1054 609 1108 offenderet
620 1055 775 1109 verebatur.
801 1056 900 1123 Itaque

46 1131 122 1198 prius
131 1149 213 1200 quam
223 1131 375 1201 quidquam
384 1135 540 1199 conaretur,
549 1131 713 1185 Divitiacum
725 1131 761 1184 ad
771 1149 800 1185 so
810 1134 900 1186 vocari

44 1205 126 1272 jubet
142 1211 171 1262 ct
187 1207 354 1277 quotidianis
369 1208 569 1278 interpretibus
584 1209 696 1262 remotis
712 1225 761 1276 por
778 1209 808 1261 O.
821 1208 900 1262 Vulc-

46 1282 117 1336 rium
132 1285 286 1353 Procillum‚
294 1285 446 1354 principem
456 1285 560 1340 Galliae
568 1284 730 1354 provinciae,
738 1284 899 1338 familiarem

46 1376 133 1428 suuni,
144 1361 188 1414 eui
206 1378 339 1415 summam
356 1363 477 1416 omnium
494 1378 586 1416 rerum
603 1362 686 1414 fidem
699 1360 826 1428 habebat,
837 1377 899 1414 cum

46 1451 80 1488 oo
92 1437 270 1507 colloquitur:
289 1437 369 1491 simul
381 1439 588 1492 commonefacit
600 1454 671 1506 quac
683 1437 742 1506 ipso
754 1440 899 1504 praesento

45 1509 75 1565 in
86 1514 198 1567 concilio
210 1514 350 1568 Gallorum
363 1515 398 1568 do
411 1514 579 1582 Dumnorige
589 1515 643 1567 sint
653 1514 769 1578 dictast
778 1513 899 1566 ostendit
957 1535 961 1542 ·

46 1605 118 1656 quae
138 1591 284 1658 separatim
300 1590 416 1659 quisquo
433 1591 469 1643 do
487 1607 520 1644 co
536 1590 611 1659 apud
627 1607 657 1643 se
676 1589 787 1643 dixerit.
824 1588 899 1643 Petit

46 1666 131 1733 atque
149 1665 277 1719 hortatur
291 1669 323 1718 ut
340 1666 398 1718 sino
413 1665 473 1733 ejus
485 1665 632 1719 offensione
643 1665 726 1719 animi
737 1665 782 1718 vel
792 1663 851 1731 ipso
864 1665 899 1718 de

47 1754 81 1793 co
93 1757 174 1793 causa
185 1741 294 1808 cognita
305 1744 409 1794 statuat
421 1741 464 1793 rel
477 1741 615 1794 civitatem
625 1745 748 1794 statuero
756 1740 863 1807 jubeat.

100 1822 141 1870 20.
177 1817 330 1871 Divitiacus
346 1816 440 1870 multis
458 1833 520 1869 cum
534 1816 654 1870 lacrimis
666 1817 812 1870 Caesarem
826 1833 898 1869 com-

46 1891 144 1960 plexus
156 1892 300 1947 obsecrare
311 1894 401 1960 coepit
416 1893 442 1945 N
444 1910 459 1946 o
472 1892 539 1962 quid
550 1893 662 1961 gravius
675 1893 702 1945 in
715 1893 830 1944 fratrom
843 1897 898 1945 sta-

47 1971 154 2023 tueret:
169 1969 238 2022 scire
250 1985 280 2022 se
292 1968 339 2022 illa
350 1985 410 2022 esso
421 1985 493 2037 vera,
504 1985 555 2022 noc
567 1985 733 2037 quemquam
746 1984 780 2020 cx
792 1984 825 2020 co
837 1968 899 2035 plus

46 2060 130 2112 quam
152 2061 181 2098 so
205 2044 307 2097 doloris
330 2061 436 2113 capere,
454 2043 706 2114 propteroa-quod,
729 2060 813 2112 quum
838 2045 898 2112 ipso

45 2121 136 2188 gratia
146 2121 295 2188 plurimum
307 2121 381 2174 domi
393 2123 477 2189 atquo
488 2122 516 2173 in
532 2121 639 2189 reliqna
651 2120 747 2188 Gallis,
759 2119 805 2172 ille
820 2121 899 2173 mini-

46 2211 123 2248 mum
142 2201 256 2265 propter
276 2195 488 2250 adolescentiam
509 2200 610 2265 posset,
630 2212 680 2264 per
699 2213 730 2250 ss
753 2196 899 2262 crevisset;

46 2272 147 2340 quibus
171 2273 268 2340 opibus
292 2289 324 2326 ac
346 2272 438 2326 neruis
460 2290 514 2326 non
543 2273 630 2326 solum
659 2273 696 2326 ad
723 2272 898 2325 minuendam

47 2348 165 2415 gratiam
183 2347 233 2402 sod
248 2365 336 2418 paene
350 2349 387 2402 ad
404 2348 553 2418 perniciem
568 2365 645 2401 suam
660 2351 796 2403 uteretur.
833 2348 899 2402 Sese

50 2427 141 2478 tamon
162 2427 191 2478 et
211 2440 304 2478 amoro
317 2425 447 2478 *fraterno
467 2428 497 2479 et
517 2425 720 2478 existimatione
738 2424 813 2493 vulgi
829 2441 900 2478 com-

56 2500 156 2555 noveri.
194 2499 274 2565 Quod
293 2500 316 2554 si
336 2501 403 2569 quid
418 2501 443 2554 oi
459 2500 609 2556 a.Cacsare
625 2501 735 2569 gravius
748 2501 899 2566 accidisset

61 2593 133 2647 {uum
157 2578 217 2647 ipso
241 2594 304 2631 eum
327 2577 416 2630 locum
439 2577 576 2632 amicitiae
599 2577 673 2646 apud
697 2595 759 2631 cum
784 2582 899 2645 teneret,

67 2654 184 2708 eminam
197 2653 417 2707 existimaturum
429 2671 483 2707 non
496 2671 544 2708 sna
555 2654 696 2708 voluntate
706 2655 808 2707 factum
820 2675 827 2719 ;
844 2671 899 2722 qua

71 2747 82 2783 r
94 2747 125 2784 re
133 2730 257 2784 futurum
268 2730 311 2784 uti
323 2730 409 2784 totius
419 2730 523 2784 Galliae
535 2730 619 2784 animi
630 2747 647 2784 a
659 2747 689 2784 so
701 2733 899 2783 averterentur.

75 2808 127 2861 'aec
150 2824 235 2876 quum
258 2805 383 2875 pluribus
404 2806 496 2860 verbis
516 2807 584 2860 tiens
605 2823 622 2860 a
643 2806 761 2861 Caesare
781 2809 899 2875 peteret,

81 2901 150 2938 sosar
169 2884 229 2954 ejus
250 2884 377 2938 dextram
396 2883 526 2951 prendit;
542 2883 696 2937 consolatus
716 2885 797 2950 rogat
815 2882 898 2935 finom

86 2961 145 3014 indi
157 2961 255 3026 faciat;
271 2960 344 3014 tanti
356 2960 417 3029 ojus
430 2959 504 3028 apud
520 2975 551 3014 se
565 2959 683 3027 gratiam
697 2974 758 3013 esse
776 2957 899 3013 ostendit

115 3042 144 3090 ot
168 3038 209 3092 rei
232 3037 357 3105 publicae
381 3036 510 3105 injuriam
534 3038 564 3089 ot
587 3052 667 3088 suurn
693 3034 816 3089 dolorem
839 3032 899 3104 ejus

96 3113 184 3166 nntati
207 3130 239 3166 ac
261 3113 389 3181 precibus
412 3112 554 3165 condonet.
590 3111 787 3180 Dumnorigem
810 3111 847 3164 ad
870 3126 900 3164 so

101 3191 136 3251 at,
144 3187 258 3242 fratrom
269 3188 398 3254 adiribet5
410 3204 481 3258 quae
490 3188 519 3241 in
530 3203 563 3242 co
574 3186 761 3255 reprehendat
768 3186 900 3252 ostendit
