2018 3396
413 169 523 216 LIBER
545 169 612 217 VII.
896 171 943 216 143

92 250 218 320 partibus
239 254 300 304 orto
318 250 444 319 clamore,
464 250 511 319 qui
530 251 637 319 lougius
661 251 778 304 aberant
800 249 945 318 repentino

92 327 214 382 tumultu
226 327 376 396 perterriti,
389 345 472 395 quum
486 328 593 380 hostem
606 328 679 380 intra
690 330 785 396 portas
797 343 857 380 csse
875 325 945 379 exis-

93 403 232 470 timarent,
252 419 311 456 sese
330 420 365 456 ex
385 403 486 472 oppido
508 403 657 471 ejecerunt.
692 403 798 456 Matres
826 402 945 455 familiae

94 479 130 532 de
153 495 232 532 muro
258 482 363 532 vestem
382 483 581 548 argentumque
598 478 749 547 jactabant,
773 482 802 531 et
825 477 945 547 peetoris

93 556 148 608 fine
160 555 351 624 prominentes
361 556 448 624 passis
457 555 583 608 manibus
590 549 799 609 obtestabantur
809 553 945 607 Romanos

94 636 126 685 ut
139 630 190 684 sibi
203 635 355 700 parcerent,
363 647 425 697 neu,
436 632 508 685 sieut
518 632 631 684 Avarici
645 631 780 698 fecissent,
793 646 828 683 ne
840 647 857 682 a
867 630 946 683 mull-

94 707 187 760 eribus
199 707 311 775 quidem
323 711 407 776 atque
418 708 569 761 infantibus
581 704 759 762 abstinerent
792 705 945 758 Nonnullae

94 784 130 836 de
142 784 227 835 muris
245 800 295 852 per
306 800 403 836 manus
412 783 546 838 demissae
564 800 625 838 sese
643 783 774 837 militibus
792 782 945 836 tradebant.

95 859 126 912 L.
146 858 254 926 Fabius,
267 860 391 913 centurio
414 860 529 928 legionis
546 875 609 928 v111,
628 876 709 928 quern
730 860 803 912 iuter
827 874 890 911 siros
913 874 945 911 eo

94 935 141 988 die
153 935 254 988 dixisse
268 935 411 989 constabat
423 936 537 990 excitari
549 953 579 990 se
589 934 801 989 Avaricensibus
810 934 945 1003 praemiis,

94 1028 183 1079 neque
200 1012 405 1065 commissurum
424 1015 456 1065 ut
473 1013 549 1081 prius
570 1013 712 1080 quisquam
729 1008 838 1064 murum
856 1027 947 1064 ascen-

95 1087 182 1154 deret,
195 1091 253 1141 tres
268 1104 331 1141 suos
349 1090 446 1141 nactus
465 1088 647 1157 manipulares
670 1090 755 1155 atque
778 1087 813 1139 ab
832 1087 866 1140 iis
885 1086 947 1139 sub-

59 1167 64 1177 '
94 1163 201 1216 levatus
213 1180 320 1216 murum
332 1164 463 1218 ascendit.
501 1164 561 1216 Hos
573 1163 632 1231 ipse
650 1179 745 1215 rursus
763 1159 884 1230 sing‘rulos
901 1179 946 1215 ex-

95 1242 209 1307 ceptans
221 1241 248 1291 in
258 1256 366 1293 murum
379 1240 487 1293 extulit.

147 1321 188 1369 48.
225 1315 342 1369 Interim
361 1315 380 1367 ii
402 1315 449 1383 qui
470 1315 504 1368 ad
526 1314 641 1367 alteram
660 1317 768 1382 partem
788 1312 890 1381 oppidi,
912 1317 945 1366 ut

95 1407 179 1459 supra
198 1391 451 1455 demonstravimus,
470 1389 627 1443 munitionis
651 1406 732 1443 causa
755 1392 945 1450 couvenerant,

96 1468 184 1533 primo
209 1467 338 1520 exaudito
362 1466 486 1530 elamore,
509 1466 574 1519 inde
598 1464 681 1518 etiam
706 1463 811 1531 crebris
840 1463 945 1516 nunciis

95 1542 201 1596 incitati
213 1543 343 1612 oppidum
353 1541 388 1595 ab
399 1541 529 1594 Romanis
538 1541 634 1607 teneri,
642 1541 797 1608 praemissis
807 1539 946 1607 equitibus

96 1635 194 1686 magno
217 1634 349 1672 concursu
376 1634 408 1670 oo
425 1617 631 1670 contenderunt.
661 1616 763 1669 Eorum
780 1614 945 1682 utquisque

96 1695 201 1761 primus
215 1697 336 1759 venerat,
351 1693 402 1746 sub
417 1709 495 1745 muro
511 1691 679 1746 consistebat
697 1707 862 1758 suorumque
878 1706 945 1757 pug-

96 1769 219 1823 nantium
246 1785 388 1822 numerum
418 1768 543 1835 augebat.
581 1768 703 1832 Quorum
732 1783 817 1835 quum
846 1781 945 1832 magna

95 1845 243 1899 multitudo
256 1845 433 1908 convenisset,
445 1847 548 1897 matres
557 1844 681 1910 familiae,
692 1860 764 1912 quae
776 1841 867 1911 paullo
880 1844 945 1894 aute

98 1920 229 1974 Romanis
241 1920 288 1990 [de
300 1918 390 1987 muro]
401 1936 498 1973 manus
510 1920 670 1986 tendebant,
686 1936 748 1972 suos
764 1917 897 1971 obtestari
915 1921 945 1970 et

96 2013 172 2050 more
192 1997 295 2051 Gallico
312 2013 422 2065 passum
441 1996 567 2065 capillum
586 1998 725 2048 ostentare
743 1994 898 2061 liberosque
917 1993 944 2044 in

96 2076 270 2141 conspectum
293 2072 417 2141 proferre
443 2075 601 2140 coeperunt.
636 2072 704 2124 Erat
735 2069 866 2122 Romanis
895 2085 946 2120 nee

97 2147 155 2201 loeo
178 2165 228 2202 nee
248 2164 362 2201 numero
386 2165 475 2216 aequa
493 2147 645 2201 eontentio:
665 2146 745 2200 simul
765 2148 795 2200 et
813 2160 895 2198 eursu
917 2147 947 2196 et

97 2225 187 2293 spatio
210 2240 317 2293 pugnae
345 2222 489 2291 defatigati
517 2239 571 2276 nen
600 2223 679 2276 saeile
707 2224 833 2275 recentes
862 2223 946 2288 atque

27 2333 35 2344 .
96 2299 217 2366 integros
230 2299 409 2352 sustinebant.
731 2339 734 2344 -
806 2322 809 2328 ¹

150 2382 191 2429 49.
227 2376 327 2429 Caesar
351 2391 435 2442 quum
453 2373 544 2440 iniquo
561 2372 620 2425 loco
638 2372 755 2440 pugnari
773 2370 947 2438 hostiumque

96 2451 190 2518 augeri
203 2451 292 2520 copias
307 2449 422 2515 videret,
436 2451 627 2515 praemetuens
645 2446 701 2499 suis
720 2445 757 2498 ad
775 2446 804 2498 'll
823 2445 946 2498 Sextium

97 2526 225 2594 legatum,
244 2542 325 2594 quem
344 2522 493 2576 minoribus
512 2522 611 2575 eastris
630 2521 768 2590 praesidio
786 2519 946 2587 reliquerat,

98 2602 184 2654 mittit
195 2606 228 2654 ut
239 2600 365 2654 cohortes
377 2597 422 2667 [ex
435 2595 543 2665 castris]
555 2596 682 2649 celeriter
698 2594 828 2648 educeret
847 2598 876 2647 et
894 2595 944 2648 sub

97 2677 190 2729 infimo
202 2676 270 2729 eolle
285 2674 320 2727 ab
338 2674 438 2726 dextro
455 2672 543 2726 latere
561 2671 681 2724 hostiurn
699 2670 887 2735 constitueret,
905 2673 944 2737 ut,

98 2754 120 2805 si
133 2755 239 2806 nostros
251 2750 309 2804 loco
322 2748 450 2817 depulsos
458 2747 579 2814 vidisset,
590 2763 645 2815 quo
654 2746 744 2799 minus
752 2745 839 2798 libere
851 2745 946 2798 hostes

96 2830 307 2903 insequerentur
318 2828 445 2879 terreret.
483 2825 547 2892 Ipse
564 2822 686 2892 paullum
703 2838 738 2876 ex
758 2838 790 2875 eo
808 2820 867 2873 loeo
884 2837 946 2874 eum

97 2905 204 2972 legione
215 2918 376 2971 progressus
388 2901 436 2955 ubi
451 2900 612 2955 constiterat
630 2901 758 2953 eventum
776 2912 884 2966 pugnae
901 2913 951 2948 ea-

98 2979 246 3046 spectabat.

144 3061 182 3109 50.
222 3057 311 3120 Quum
333 3055 474 3112 acerrime
498 3041 663 3111 comminus
678 3031 1007 3119 pugnaretffisffim

78 3129 141 3181 Ioco
154 3133 183 3183 et
197 3148 325 3203 numero,
347 3135 444 3190 nostri
462 3136 579 3190 virtute
600 3125 810 3187 eoniiderent,
824 3110 936 3167 summ
952 3101 1007 3143 w

69 3202 168 3258 Aedui
190 3210 242 3264 visi
263 3211 304 3268 ab
323 3212 424 3271 latero
452 3214 571 3272 nostris
598 3211 729 3281 aperto,
753 3209 840 3266 ssim
865 3179 989 3232 mm
