2018 3396
84 101 131 149 150
328 98 357 148 C.
376 97 479 148 JULII
496 97 671 148 CAESARIS

84 180 152 234 bant
175 179 381 248 imperatorem.
417 178 464 232 Ab
487 179 538 233 hoc
556 179 669 234 concilio
688 179 777 246 Romi,
795 179 943 250 Lingones,

83 257 189 310 'treviri
213 256 375 315 abfuerunt:
401 255 448 323 illi,
476 255 552 324 quod
579 255 728 310 amicitiam
756 256 944 312 Romanorum

84 333 285 402 sequebantur;
303 331 417 399 treviri,
430 331 504 400 quod
521 331 636 387 aberant
652 331 759 399 longius
776 336 805 386 et
821 332 858 386 ab
877 333 945 386 Ger-

82 409 171 462 manis
183 398 388 478 promebantur,
400 425 471 477 quae
483 409 536 462 fuit
548 425 631 462 eausa
642 425 728 477 quare
740 412 800 462 toto
812 408 945 462 abessent

83 485 156 538 bello
169 490 198 540 et
209 486 316 539 neutris
328 485 429 538 armilla
440 485 594 539 mitterent.
631 486 657 538 M
662 502 732 552 agno
742 486 838 539 dolore
849 485 943 539 Aedui

82 561 175 615 ferunt
186 578 216 615 se
233 561 356 631 dejectos
370 561 540 630 principatu;
559 566 714 629 queruntur
729 564 856 615 tortuuae
871 577 944 615 eom-

82 637 263 691 mutationem
280 641 310 692 et
327 636 452 692 Caesaris
470 637 498 690 in
516 654 546 690 sc
563 637 762 705 indulgentiam
780 637 942 706 requirunt;

82 728 172 780 noque
183 717 275 767 tamen
293 718 419 782 suscepto
435 713 508 766 bello
523 730 601 766 suum
619 705 760 766 eonsilium
772 713 808 766 ab
826 713 943 782 reliquia

83 804 210 857 separare
223 790 332 844 audent.
365 790 449 843 Inviti
462 806 582 842 summae
595 790 652 858 spei
669 789 858 844 adolescentes
872 790 953 858 Epo-

82 864 194 917 rodorix
204 870 233 918 et
244 865 425 919 Virdumarus
437 865 656 934 Vercingetorigi
666 869 772 935 parent.

136 947 176 995 64,
213 942 278 1009 Ipse
289 942 408 1010 imperat
422 941 536 1010 reliquis
552 942 711 995 civitatibus
727 941 853 995 obsides:
866 941 943 995 deni-

83 1034 137 1085 qne
150 1017 227 1071 circi
242 1018 383 1071 coustituit
399 1018 487 1072 diem:
504 1017 557 1071 hue
574 1034 668 1071 omncs
685 1019 795 1086 equites
810 1033 849 1071 xv
865 1018 942 1071 milia

82 1110 195 1146 numero
207 1093 333 1147 celeriter
348 1094 493 1148 convenire
508 1093 604 1161 jubet:
624 1093 756 1147 Peditotu
772 1109 857 1162 quem
874 1098 941 1148 aute

83 1169 252 1239 lrabueritse
264 1171 322 1224 fere
334 1174 493 1224 contentam
506 1170 581 1237 dicit,
593 1187 684 1238 noque
696 1170 835 1224 fortunam
851 1173 942 1224 tentav-

83 1249 175 1300 turum
188 1251 236 1301 aut
248 1245 299 1316 [in]
312 1247 370 1300 acio
383 1247 591 1310 dirnicaturuu1;
610 1246 660 1299 sed
673 1246 802 1321 quoniam
814 1244 942 1300 abundet

83 1323 216 1391 equitatu,
235 1323 363 1392 perfacile
380 1339 440 1376 esse
458 1323 533 1376 factu
550 1322 810 1376 frumentationibus
828 1321 942 1390 pabula·

82 1399 258 1468 tionibusque
271 1400 408 1452 Romanos
421 1398 573 1468 prohibere,
586 1395 673 1467 aequo
686 1398 767 1452 modo
782 1399 874 1452 animo
891 1414 941 1452 sua

82 1475 135 1542 ipsi
154 1475 292 1529 frumenta
310 1478 487 1542 corrumpant
504 1474 685 1543 aedificiaque
709 1475 868 1542 incendant,
886 1491 943 1544 qua

83 1551 122 1604 rei
132 1551 271 1605 familiaris
278 1551 389 1619 jactura
397 1554 561 1620 perpetuum
570 1550 717 1618 imperium
726 1551 942 1618 libertatemque

83 1643 114 1680 sc
141 1629 269 1696 consequi
295 1627 426 1682 rideant:
452 1627 510 1701 ‘His
536 1627 696 1680 constitutis
724 1627 807 1680 rebus
831 1626 942 1681 Aeduis

84 1702 293 1772 Segusiauisque
305 1705 352 1772 qui
365 1706 429 1757 sunt
441 1702 551 1757 finitimi
569 1703 728 1757 Provinciae
740 1719 759 1756 x
772 1703 846 1755 milia
862 1702 941 1772 pedi-

82 1782 142 1832 tum
167 1780 297 1848 imperat:
323 1780 376 1833 huc
400 1779 479 1833 addit
501 1779 609 1847 equites
627 1794 702 1832 neec.
740 1778 792 1831 llis
814 1779 942 1847 praeficit

82 1855 197 1908 fratrom
218 1855 592 1924 Eporedorigisbcllumquc
615 1855 717 1908 inferre
743 1854 942 1922 Allobrogibus

78 1928 168 1997 jubet.
205 1931 304 1985 Altera
327 1949 361 1984 ex
385 1934 464 1999 parte
489 1930 606 1984 Gabalos
633 1932 827 2000 proximosque
852 1938 940 1999 pagos

51 2042 64 2067 .
86 2006 272 2059 Arvemorum
288 2008 316 2060 in
333 2007 455 2072 Helvios
470 2008 537 2060 item
553 2007 677 2060 Rutenos
693 2006 887 2074 Cadurcosque
902 2007 941 2060 ad

83 2081 152 2134 lines
182 2081 329 2135 Volcarum
360 2083 581 2136 Arecomicorum
611 2082 816 2151 dcpoprdandos
840 2082 939 2137 mittit.

84 2156 279 2210 Nihilominus
296 2157 470 2211 clandestinis
488 2159 598 2212 nunciis.
608 2159 846 2227 legationibusque
862 2158 940 2212 Allo-

83 2231 181 2299 brogas
199 2232 333 2297 sollicitat,
349 2250 463 2301 quorum
482 2238 589 2288 mentes
606 2235 727 2288 nondum
743 2234 779 2287 ab
797 2234 940 2302 superiore

83 2308 154 2361 bello
167 2307 301 2361 resedisse
318 2309 453 2376 sperabat.
492 2310 598 2363 Horum
614 2309 784 2378 principibus
800 2310 940 2379 pecunias

83 2384 190 2441 civitati
202 2387 295 2437 auteur
306 2385 449 2452 imperium
462 2387 548 2439 totius
561 2386 719 2439 Provinciae
730 2385 882 2455 pollicetur.

136 2466 176 2515 65.
212 2460 260 2514 Ad
269 2460 319 2515 hos
331 2477 424 2514 omncs
436 2477 514 2515 casus
525 2462 633 2528 provisa
645 2466 725 2514 erant
740 2461 877 2530 praesidia
893 2478 940 2515 eo-

82 2536 203 2590 hortinm
215 2537 331 2591 duarum
344 2541 373 2590 ot
385 2537 489 2604 viginti,
503 2554 574 2605 quae
591 2554 626 2591 ex
641 2538 701 2606 ipsa
716 2541 810 2591 coacta
827 2537 940 2591 vain-

83 2613 125 2666 cia
138 2613 172 2665 ab
186 2613 216 2667 L.
227 2613 344 2667 Caesare
356 2613 447 2680 legato
459 2613 495 2666 ad
507 2629 599 2667 omncs
613 2617 707 2682 partes
721 2612 937 2683 opponebantur.

53 2720 56 2727 ·
85 2689 178 2743 Helvii
189 2685 241 2743 'sua
253 2694 350 2758 sponte
362 2706 422 2742 cum
436 2689 558 2743 finitimis
568 2689 672 2758 proelio
684 2688 821 2758 congressi
833 2689 940 2756 pellun-

82 2767 136 2829 tur,
150 2769 179 2819 et
192 2766 221 2820 C.
236 2765 347 2819 Valerio
364 2765 529 2832 ilonotauro,
543 2764 644 2819 Caburi
660 2765 724 2833 filio,
736 2766 859 2833 principe
875 2766 940 2819 eivi-

82 2841 157 2908 tatis,
185 2842 424 2910 compluribusque
456 2842 515 2894 aliis
546 2842 705 2909 interfectis,
732 2843 807 2895 iutra
836 2842 940 2911 oppida

82 2933 229 2986 murosque
242 2917 447 2985 compelluntur.
485 2916 648 2986 Allobroges
660 2918 764 2972 crebris
777 2918 812 2972 ad
826 2917 939 2972 Rhoda-

78 3009 145 3045 num
158 2993 299 3061 dispositis
313 2992 459 3062 praesidiis
475 3008 574 3061 magua
590 3009 652 3047 cum
667 3011 733 3048 cura
748 2998 777 3048 ct
794 2994 939 3061 diligentia

63 3081 132 3119 suos
143 3069 216 3125 rirres
230 3075 353 3128 tuentur.
395 3071 507 3137 Caesar,
519 3070 598 3143 quod
610 3071 710 3125 bostos
723 3071 853 3136 capitata
862 3085 943 3134 supa

46 3137 142 3197 ubres
152 3161 221 3203 esse
231 3149 431 3224 intelligebat,
446 3154 480 3208 et
488 3148 657 3206 interclusis
668 3143 799 3200 omnibus
809 3140 965 3193 itineribus
