2018 3396
83 120 114 170 la
341 118 369 166 Ο.
387 116 406 164 J
409 114 489 166 ULII
505 111 677 162 CAESARIS

81 199 148 253 nihil
158 197 328 268 impeditum,
334 194 414 250 victis
423 194 491 248 nihil
500 197 592 247 tutum
600 191 808 258 arbitrarentur,
816 189 938 245 omnium

81 275 130 343 qui
142 276 302 342 supererant
318 287 450 325 consensu
466 270 572 338 legatos
588 269 625 323 ad
642 268 787 322 Caesarem
802 266 938 320 miserunt

82 366 166 418 seque
183 349 208 402 ei
225 347 400 413 dediderunt,
413 350 443 400 et
459 346 488 398 in
504 343 740 398 commemoranda
758 342 878 396 civitatis
896 359 938 396 ca-

81 424 204 478 lamitate
224 440 259 478 ex
280 423 416 477 sexcentis
438 421 474 485 ad
495 424 553 474 tres
575 423 723 486 senatores,
742 434 777 473 ex
796 418 937 472 hominum

81 500 191 554 milibus
203 515 240 552 nx
251 499 296 552 vix
308 498 344 552 ad
356 513 374 551 ι)
389 497 434 567 qui
446 513 522 550 arma
533 497 607 550 ferre
616 498 728 565 possent
738 511 798 548 seso
808 495 938 548 redactos

82 592 142 630 esse
155 574 293 629 dixeramt.
329 575 403 639 Quos
416 573 524 640 Caesar,
536 572 610 626 utin
624 571 738 634 miseros
752 587 785 624 ac
800 570 938 640 supplices

81 667 147 704 usus
165 649 352 704 misericordia
371 648 518 715 videretur,
538 647 747 715 diligentissime
766 646 938 700 conservavit

82 725 193 794 suisque
207 724 307 779 finibus
322 727 407 793 atque
422 722 530 792 oppidis
544 723 587 776 uti
599 721 691 790 jussit,
705 725 734 776 et
749 722 873 776 finitimis
888 722 938 775 im-

81 801 189 870 peravit
200 805 233 854 ut
244 800 279 853 ab
291 799 392 867 injuria
404 802 433 852 et
444 799 576 852 maleficio
589 815 617 852 se
627 814 744 866 suosque
752 797 937 866 prohiberent.

134 883 177 931 29.
214 875 361 943 Aduatuci,
383 875 419 928 de
443 874 543 943 quibus
564 891 646 942 supra
667 875 831 942 scripsimus,
852 891 937 943 quum

82 952 207 1006 omnibus
217 952 304 1020 'copiis
316 951 416 1004 auxilio
428 951 539 1005 Nerviis
552 951 687 1017 venirent,
700 951 751 1003 hac
764 967 857 1019 pugna
870 967 938 1002 uun-

83 1029 153 1082 tiata
177 1044 211 1081 ex
235 1027 334 1080 itinere
359 1027 469 1079 domum
490 1029 681 1091 reverterunt3
705 1027 809 1080 cunetis
829 1025 938 1094 oppidis

82 1103 256 1170 castellisque
269 1103 386 1156 desertis
399 1119 448 1156 sua
457 1103 547 1156 omnia
556 1101 583 1154 iu
592 1118 677 1154 unum
687 1102 818 1170 oppidum
827 1103 938 1170 egregie

83 1184 183 1232 natura
200 1178 335 1231 munitum
351 1177 530 1231 contuleruut.
567 1177 646 1243 Quod
662 1194 746 1245 quum
761 1194 796 1231 ex
813 1177 938 1231 omnibus

56 1251 60 1257 ’
83 1256 112 1307 iu
131 1255 246 1308 circuitu
264 1254 389 1322 partibus
408 1254 554 1315 altisdmas
572 1269 654 1322 rupes
672 1253 872 1321 despectusque
891 1253 938 1307 ha

83 1330 170 1395 beret
180 1347 234 1384 uua
246 1347 280 1384 ex
292 1333 371 1398 parte
384 1329 484 1384 leniter
495 1329 606 1383 adclivis
619 1329 710 1384 aditus
722 1331 751 1383 in
763 1330 936 1383 latitudinem

84 1422 137 1459 nou
157 1405 272 1473 amplius
292 1407 471 1458 ducentorum
490 1406 591 1473 pedum
610 1405 816 1474 relinquebatur
822 1427 830 1472 ;
855 1422 936 1474 quem

84 1481 171 1534 locum
195 1481 297 1550 duplici
321 1481 452 1535 altissimo
475 1481 739 1547 muromuuierant,
761 1484 821 1534 tum
845 1479 937 1548 magui

84 1557 213 1624 ponderis
225 1573 291 1610 saxa
304 1560 334 1611 et
347 1560 507 1624 praeacutus
523 1556 615 1610 trabes
629 1556 658 1609 in
671 1573 749 1610 muro
764 1557 935 1611 collocarunt.

86 1632 143 1699 Ipsi
158 1635 237 1685 erant
253 1648 287 1684 ex
305 1631 422 1685 Cimbris
437 1631 623 1698 Teutonisque
637 1632 773 1700 prognati,
785 1634 839 1701 qui,
852 1649 936 1702 quum

83 1706 138 1760 iter
156 1707 184 1760 in
202 1708 369 1775 provinciam
388 1710 508 1760 nostram
527 1710 611 1774 atque
631 1707 740 1760 ltaliam
759 1707 889 1776 facerent,
903 1708 937 1760 iis

84 1781 292 1850 impedimentis,
304 1799 374 1851 quae
384 1799 475 1835 secum
483 1798 565 1849 agere
575 1797 607 1835 ae
615 1786 727 1850 portare
736 1799 789 1836 non
800 1786 937 1851 poteraut,

84 1855 154 1910 citra
173 1856 274 1910 flumen
296 1857 422 1911 Rhenum
444 1857 575 1925 depositis
599 1857 751 1911 custodiam
772 1874 808 1911 ex
829 1858 885 1910 suis
906 1875 938 1912 ac

85 1932 222 2001 praesidio
235 1950 284 1985 sex
296 1933 370 1985 milia
384 1932 523 1986 hominum
537 1949 591 1985 una
606 1933 782 2002 reliquerunt.
821 1933 860 1986 Hi
874 1937 938 2002 post

85 2024 179 2061 eorum
194 2007 298 2060 obitum
314 2009 414 2061 multos
433 2023 517 2061 annos
531 2026 548 2061 a
563 2009 685 2062 finitimis
700 2009 840 2076 exagitati,
853 2026 938 2077 quum

85 2082 151 2136 alias
160 2082 262 2136 bellum
271 2083 412 2149 inferrent,
421 2083 487 2136 alias
495 2083 602 2137 illatum
611 2083 798 2148 defenderent,
806 2100 938 2138 consensu

85 2174 179 2210 eorum
203 2158 323 2210 omnium
346 2173 413 2226 pace
436 2158 509 2212 iacta
529 2159 601 2212 hunc
622 2159 673 2212 sibi
694 2158 828 2212 domicilio
848 2158 938 2214 locum

87 2232 254 2300 delegerunt.
542 2288 545 2293 ,

62 2342 65 2347 -
138 2314 179 2362 30.
214 2310 257 2362 Ac
274 2310 361 2378 primo
377 2309 498 2363 adventu
514 2310 651 2364 exercitus
669 2310 756 2364 nostri
775 2309 884 2364 crebras
904 2327 939 2364 ex

86 2384 186 2452 oppido
207 2385 380 2439 excursiones
400 2384 536 2439 faciebant
554 2385 729 2454 parvulisque
747 2385 858 2454 proeliis
876 2401 939 2440 cum

85 2459 186 2513 uostris
198 2460 413 2515 contendebant:
428 2463 524 2529 postea
535 2460 605 2513 vallo
617 2461 719 2528 pedum
730 2459 813 2514 x11in
825 2452 939 2514 circuitd

86 2551 124 2589 xv
136 2536 240 2589 milium
252 2536 409 2605 crebrisque
422 2536 539 2590 castellis
551 2535 751 2590 circummuniti
762 2536 863 2604 oppido
878 2553 939 2592 seso

86 2612 270 2666 continebant.
306 2612 361 2666 Ubi
377 2613 463 2666 vincis
479 2612 547 2665 actis
564 2628 665 2678 aggere
682 2614 822 2665 exstructo
839 2613 938 2665 turrim

86 2688 179 2753 procul
188 2687 316 2742 constitui
325 2686 461 2755 viderunt,
469 2687 587 2756 primum
597 2687 714 2740 irridere
724 2703 758 2740 ex
767 2703 845 2740 muro
855 2689 939 2756 atquo

86 2762 250 2831 increpitare
257 2763 375 2831 vocibus,
382 2762 456 2832 quod
463 2766 540 2816 tauta
547 2761 711 2816 machinatio
719 2761 755 2814 ab
763 2765 841 2816 tanto
851 2763 938 2830 spatio

87 2837 277 2906 instrueretur,
283 2838 451 2903 Quibusnam
458 2838 582 2891 manibus
590 2842 638 2891 aut
646 2837 745 2907 quibus
752 2837 855 2890 viribus
862 2853 939 2906 prae-

87 2912 182 2965 sertim
199 2914 322 2967 homiues
339 2914 463 2968 tantulae
479 2917 603 2967 staturae
618 2915 689 2980 (uam
704 2913 865 2981 plerumque
881 2929 938 2966 om·

86 2986 167 3040 nibus
180 2987 265 3043 Gallis
272 3005 342 3058 prae
351 2989 538 3058 maguitudino
547 3005 691 3058 corporum
699 3004 810 3040 suorum
818 2988 937 3040 breuitas

67 3063 167 3114 nostra
178 3066 354 3134 contemptui
365 3071 421 3136 est)
435 3067 510 3123 tanti
526 3065 620 3122 oneris
636 3064 742 3120 turrim
751 3063 784 3116 in
793 3075 876 3114 muru
888 3073 953 3110 sese

51 3130 191 3188 eolloearc
203 3141 388 3201 considerent
398 3146 409 3203 l
