2018 3396
99 122 145 169 166
376 117 405 165 Ο.
423 115 525 165 dULlI
542 114 715 163 CAESARIS

96 201 214 257 haberet
225 199 276 255 sub
288 200 399 267 tempus
410 183 575 251 aestivorum
586 195 691 249 nullum
703 210 840 248 summum
851 193 953 251 bellum
964 256 967 262 ,

96 295 177 349 posse
197 276 315 344 condam,
336 274 366 329 0.
385 273 550 328 Trebonium
572 288 635 326 cum
658 286 683 325 11
706 270 859 339 legionibus
888 289 952 342 quas

97 373 190 411 seeum
201 353 323 408 habebat
334 354 362 406 in
374 350 495 405 hibernis
508 349 614 405 Genabi
626 348 782 415 collemau't3
792 350 860 418 ipse,
870 368 954 420 quum

96 433 200 488 crebris
211 431 395 500 legationibus
408 428 556 482 Remorum
572 427 672 482 certior
687 427 775 496 tieret,
788 426 953 496 Bellovacos,

97 511 145 579 qui
169 509 233 564 belli
253 507 340 578 gloria
358 506 452 561 Gallos
468 521 563 558 omnes
586 503 744 573 Belgasque
767 505 954 574 praestabant,

97 586 282 655 finitimasque
293 584 337 638 his
349 583 475 638 civitates
487 582 557 636 duce
569 581 671 635 Correo
682 580 826 635 Bellovaco
836 585 866 636 et
876 583 955 637 Gom·

96 664 152 717 mio
166 662 303 716 Atrebate
315 660 451 716 exercitus
463 675 620 729 comparare
632 661 717 727 atque
729 661 757 712 in
768 676 853 713 unum
864 659 954 714 lecum

97 756 203 807 cogere,
227 742 259 793 ut
276 737 350 791 omni
372 736 550 791 multitudine
567 735 596 788 in
614 736 683 790 fines
701 735 885 803 Suessionum,
908 736 955 806 qui

78 879 80 883 .
99 816 192 869 Remis
205 817 285 869 erant
301 813 438 880 attributi,
450 813 573 867 facerent
587 813 801 880 impressionem,
813 813 956 880 pertinere

97 895 191 945 autem
204 907 258 944 non
270 893 378 944 tantum
392 890 427 943 ad
440 889 613 958 dignitatem,
625 888 676 942 sed
688 888 772 942 etiam
784 888 821 942 ad
835 889 955 944 salutem

97 984 173 1020 suam
182 966 329 1035 judicaret,
341 967 444 1019 nnllam
456 967 640 1020 calamitatem
653 966 738 1019 socies
750 966 854 1034 optime
870 966 909 1020 de
924 984 956 1021 re

97 1043 207 1111 publica
230 1044 344 1097 meritos
362 1043 493 1110 accipere,
512 1043 648 1109 legionem
665 1059 701 1096 ex
719 1041 841 1096 hibernis
858 1049 956 1098 evocat

97 1136 191 1173 rursus
204 1135 241 1187 m,
255 1120 362 1173 litteras
374 1123 467 1172 autem
479 1119 515 1173 ad
528 1119 557 1173 O.
570 1118 684 1172 Fabium
696 1119 791 1186 mittit,
800 1122 833 1173 ut
844 1119 872 1173 in
885 1121 956 1175 fines

97 1196 272 1250 Suessionum
284 1196 404 1265 legiones
416 1210 439 1248 11
451 1211 519 1264 quas
529 1195 649 1249 habebat
657 1194 816 1263 adduceret,
826 1196 956 1252 alteram-

98 1289 152 1340 que
175 1289 210 1326 ex
229 1272 335 1326 duabus
352 1271 387 1325 ab
406 1271 435 1326 Τ.
453 1271 575 1326 Labieno
593 1272 714 1326 arcessit.
751 1272 797 1326 Ita
820 1276 955 1340 quantum

98 1347 274 1402 hibernorum
287 1349 478 1417 opportunitas
490 1347 610 1417 bellique
625 1347 697 1402 ratio
710 1348 875 1416 postulabat,
892 1366 955 1418 per

97 1427 181 1492 petuo
193 1441 243 1477 suo
254 1424 347 1478 labere
359 1424 387 1477 in
399 1425 485 1478 vicem
497 1424 649 1493 legionibus
661 1425 869 1493 expeditionum
885 1443 955 1482 onus

97 1499 266 1568 injungebat.
826 1535 829 1541 ·

151 1581 175 1634 7.
213 1578 265 1631 His
289 1577 374 1646 copiis
397 1576 498 1630 coactis
521 1575 557 1630 ad
581 1575 740 1631 Bellovacos
764 1579 954 1650 proficiscitur,

97 1653 249 1721 castrisque
272 1653 301 1706 in
324 1669 419 1706 eorum
442 1652 542 1706 finibus
569 1652 667 1720 positis
696 1655 820 1722 equitum
848 1660 954 1711 turmas

98 1727 215 1783 dimittit
226 1729 255 1783 in
267 1745 361 1783 omnes
373 1732 466 1797 partes
478 1729 515 1782 ad
531 1729 635 1796 aliquos
651 1730 826 1799 excipiendos
842 1750 877 1787 ex
894 1734 955 1803 qui·

98 1805 150 1859 bus
162 1806 282 1859 hostium
294 1807 406 1860 consilia
416 1808 600 1874 cognosceret.
636 1805 752 1874 Equites
764 1808 852 1862 officio
865 1809 955 1864 functi

98 1883 259 1936 renunciant
270 1898 370 1951 paucos
382 1883 409 1935 in
425 1881 556 1935 aedificiis
571 1896 632 1934 esse
647 1882 778 1949 inventos,
794 1889 879 1953 atque
896 1885 954 1952 lies,

97 1975 151 2011 non
164 1958 211 2026 qui
229 1974 357 2025 agrorum
374 1958 549 2012 colendorum
566 1973 647 2011 causa
664 1959 866 2027 remansissent,
877 1978 955 2016 nam-

97 2050 152 2102 que
164 2050 225 2087 esse
236 2033 357 2102 undique
369 2033 517 2102 diligenter
529 2034 721 2102 demigratum,
733 2035 783 2089 sed
796 2036 843 2103 qui
859 2054 955 2107 specu-

97 2109 171 2162 landi
183 2109 273 2177 gratia
289 2113 381 2162 essent
396 2111 511 2163 remissi.
549 2111 575 2164 A
592 2110 690 2181 quibus
706 2128 790 2179 quum
806 2119 955 2182 quaereret

98 2186 199 2239 Caesar
214 2201 269 2252 que
283 2184 342 2238 ioco
353 2185 502 2239 multitudo
519 2191 593 2241 esset
612 2187 827 2256 Bellovacorum,
843 2191 954 2260 quodve

65 2329 68 2335 ¹
97 2266 171 2317 esset
187 2261 328 2317 consilium
345 2278 446 2328 eorum,
459 2263 616 2318 inveniebat
628 2264 786 2319 Bellovacos
798 2282 893 2322 omnes
905 2269 954 2338 qni

98 2356 174 2392 arma
185 2339 259 2393 ferre
276 2341 389 2407 possent
404 2337 432 2390 in
445 2355 529 2392 unum
541 2339 630 2394 locum
642 2341 812 2408 convenisse;
829 2342 954 2415 itemque

100 2415 257 2482 Ambianos,
277 2415 419 2481 Aulercos,
440 2415 558 2483 Caletos,
577 2417 763 2486 Velliocasses,
785 2419 954 2490 Atrebatum

98 2493 186 2547 locum
202 2493 300 2546 castris
312 2491 448 2546 excelsum
460 2492 488 2544 in
506 2491 575 2546 silva
586 2492 740 2564 [impedita]
752 2495 953 2554 circumdatum

97 2569 197 2637 palude
208 2569 355 2636 delegisse;
367 2567 458 2620 omnia
467 2568 664 2638 impedimenta
674 2570 702 2624 in
714 2571 860 2627 ulteriores
871 2575 954 2630 silvas

97 2645 259 2710 corrtulisse;
277 2643 429 2712 complures
445 2660 506 2697 esse
521 2645 659 2716 principes
674 2645 739 2701 belli
757 2652 890 2716 auctores,
903 2651 954 2706 sed

97 2720 303 2774 multitudinem
313 2719 432 2773 maxime
445 2719 547 2774 Correo
560 2721 757 2792 obtemperare,
765 2725 840 2794 quod
847 2725 874 2780 ei
881 2743 954 2781 sum-

99 2812 142 2849 mo
152 2813 212 2850 esse
220 2795 282 2849 edio
289 2811 388 2849 nomen
397 2795 494 2865 Populi
504 2797 620 2851 Romani
630 2799 845 2866 intellexissent;
856 2804 954 2871 paucis

98 2877 162 2927 ante
175 2872 272 2926 diebus
284 2888 319 2926 ex
331 2872 374 2926 his
383 2874 480 2927 eastris
489 2873 678 2944 [Atrebatem]
689 2875 840 2930 Commium
850 2877 953 2934 disces-

94 2951 165 3002 sisse
175 2947 213 3001 ad
225 2949 326 3002 auxilia
334 2949 531 3004 Gennanorurn
544 2949 713 3016 adducenda,
721 2969 835 3020 quorum
848 2957 878 3008 et
890 2955 954 3010 nei-

81 3022 158 3075 nitas
170 3025 336 3097 propinqua
349 3031 381 3083 et
394 3025 548 3082 multitudo
560 3029 637 3082 esset
645 3028 768 3081 intuita:
782 3030 957 3084 constituisse

42 3106 46 3113 ·
69 3101 168 3153 aretem
192 3101 368 3162 Bellovacos
383 3106 514 3162 omnium
527 3105 692 3178 principum
706 3117 854 3165 censensu,
865 3117 978 3155 summa.

53 3167 155 3231 Plebifl
163 3178 345 3255 cupiditate,
355 3186 389 3257 si,
396 3189 435 3243 ut
443 3182 726 3253 dicebatur,(taasar
734 3172 994 3238 contemnatis
