2018 3396
92 125 140 175 los
171 174 177 182 ,
352 122 380 172 0.
399 121 501 172 ‘JULII
519 121 695 172 CAESARIS

91 201 195 272 duplici
207 200 298 271 [fossa
306 199 424 270 duplici]
432 203 667 269 propugnatonrm
679 198 775 254 ordine
787 198 950 255 defendere·

92 283 282 348 tur3quorum
291 276 362 331 alter
369 293 404 330 ex
413 276 549 345 pontibus,
558 292 612 344 quo
619 275 861 331 tutioraltitudine
869 280 949 344 esset,

92 355 143 409 boc
154 353 286 409 audacius
297 353 461 422 longiusque
474 352 531 406 tela
538 352 729 422 pernritteret;
740 352 819 420 alter,
828 353 878 422 qui
888 369 951 424 pro-

91 431 153 500 pior
170 430 278 484 hostem
301 429 330 482 in
354 428 413 498 ipso
436 429 507 482 vallo
530 429 678 484 collocatus
701 431 782 496 esset,
805 432 892 498 ponte
914 429 951 484 ab

92 505 277 561 incidentibus
299 505 364 559 telis
385 508 535 574 tegeretur.
572 505 664 559 Portis
687 505 761 559 fores
783 505 952 576 altioresque

93 588 187 638 turres
198 582 337 652 imposuit

147 665 186 715 10.
222 657 316 727 Hujus
327 656 487 712 munitionis
499 656 602 726 duplex
611 659 672 712 erat
680 657 830 712 consilium.
867 657 952 712 Nam-

92 751 148 803 que
159 737 189 790 et
200 750 314 804 operum
325 733 543 802 magnitudinem
552 737 582 788 et
589 734 717 788 timorem
727 750 807 788 suum
817 734 951 803 sperabat

93 811 222 865 fiduciam
242 809 368 864 barbaris
388 809 542 878 allaturum,
560 812 590 865 et
607 827 692 879 quum
712 809 874 880 pabulatum
894 811 952 866 iru-

94 890 302 955 mcntatumque
314 885 422 954 longius
434 888 508 940 esset
516 885 752 955 proficiscendum,
761 887 854 956 parvis
866 888 952 956 copiis

93 965 185 1016 castra
201 962 352 1016 munitione
369 961 429 1030 ipsa
447 961 561 1016 videbat
577 978 657 1031 posse
676 962 795 1031 delendi.
833 963 951 1018 Interim

93 1037 189 1092 crebro
200 1037 295 1107 paucis
306 1038 445 1106 utrimque
457 1037 683 1106 procurrentibus
694 1037 768 1093 inter
779 1037 845 1093 bina
859 1043 952 1094 castra

92 1114 194 1192 palude
209 1112 355 1182 interjecta
369 1113 601 1180 contendebatur3
616 1131 698 1182 quam
714 1116 808 1168 tamen
821 1114 951 1184 paludem
977 1169 980 1174 .

93 1207 296 1259 nonnumquam
308 1193 357 1244 aut
365 1194 460 1244 nostra
471 1189 573 1244 auxilia
584 1190 726 1245 Gallorum
739 1189 952 1247 Germanorum·

93 1284 147 1336 que
158 1266 312 1320 transibant
321 1265 465 1334 acriusque
477 1265 571 1319 hostes
579 1264 803 1334 insequebantur,
813 1270 863 1322 aut
874 1267 953 1322 vicis-

94 1343 144 1396 sim
156 1342 250 1397 hostes
261 1342 376 1396 eandem
388 1341 553 1409 transgressi
564 1344 673 1395 nostros
684 1341 792 1410 longius
808 1342 952 1398 submove-

93 1418 167 1474 bant.
204 1417 359 1473 Accidebat
375 1421 469 1472 autern
489 1417 656 1486 quotidianis
673 1417 903 1488 pabulationibus,
921 1420 952 1474 id

94 1495 169 1564 quod
183 1495 308 1550 accidere
324 1496 386 1548 erat
401 1510 513 1549 necesse
533 1511 618 1562 quum
632 1494 703 1548 raris
718 1493 898 1564 disjectisque
914 1513 950 1550 ex

94 1571 226 1626 aedificiis
238 1570 368 1641 pabulum
383 1569 600 1638 conquireretur,
611 1573 645 1624 ut
655 1569 796 1638 impeditis
811 1570 880 1626 locis
896 1568 954 1626 dis-'

93 1647 168 1716 persi
179 1646 354 1716 pabulatores
366 1645 644 1702 circumvenirentur:
658 1662 787 1716 quaeres
798 1648 852 1702 etsi
865 1649 951 1702 medi-

94 1739 157 1776 ocre
170 1724 367 1778 detrimentum
376 1722 564 1791 jumentorum
579 1737 612 1776 ac
629 1738 770 1777 servorum
784 1723 888 1778 nostris
904 1725 951 1778 ad-

94 1799 209 1868 terebat,
218 1803 312 1854 tamen
321 1800 420 1854 stultas
429 1798 611 1866 cogitationes
619 1797 751 1853 incitabat
759 1798 951 1866 barbarorum,

94 1879 179 1944 atque
199 1892 232 1930 eo
252 1875 347 1944 magis,
365 1873 440 1944 quod
463 1874 611 1942 Commius,
629 1890 711 1942 quern
734 1875 889 1943 profectum
914 1877 951 1931 ad

94 1952 197 2006 auxilia
216 1952 414 2006 Germanorum
434 1949 597 2005 arcessenda
617 1949 704 2019 docui,
725 1967 788 2006 curn
808 1951 951 2021 equitibus

94 2029 221 2093 venerat3
245 2027 293 2096 qui
315 2030 408 2081 tamen
431 2026 485 2080 etsi
508 2042 623 2080 numero
646 2027 701 2081 non
723 2027 842 2096 amplius
869 2033 951 2083 erant

95 2102 245 2172 quingenti,
265 2105 359 2158 tamen
380 2102 579 2157 Germanorum
601 2101 723 2157 adventu
741 2101 853 2158 barbari
873 2103 951 2158 infla-

95 2179 205 2234 bantur.

149 2260 188 2309 11.
224 2253 326 2309 (laesar
335 2269 419 2322 quum
432 2253 665 2310 animadverteret
675 2254 784 2310 hostem
796 2257 951 2327 complures

95 2330 154 2386 dies
165 2329 263 2384 castris
271 2329 372 2399 palude
381 2333 411 2384 et
419 2329 471 2383 loci
480 2333 579 2384 natura
588 2331 699 2385 mumitis
708 2347 738 2386 se
746 2334 851 2401 tenere,
859 2350 951 2404 nequo

96 2406 248 2478 oppugnari
260 2409 352 2461 castra
363 2421 458 2461 eorum
470 2406 529 2460 sine
541 2405 716 2462 dimicatione
728 2408 887 2479 peruiciosa,
898 2428 950 2466 nee

95 2483 184 2538 locum
195 2482 391 2538 munitionibus
403 2482 494 2537 claudi
507 2482 560 2537 nisi
574 2499 592 2537 a
605 2483 710 2552 majore
723 2484 847 2540 exercitu
860 2502 949 2555 posse,

49 2594 52 2601 -
95 2559 202 2615 litteras
215 2559 252 2614 ad
268 2558 433 2614 Trebonium
449 2558 544 2624 mittit,
556 2562 589 2613 ut
602 2576 685 2627 quam
699 2559 842 2615 celerrime
856 2567 951 2631 posset

95 2634 230 2705 legionem
243 2649 305 2702 rur,
317 2651 388 2703 quae
400 2651 462 2690 cum
475 2635 504 2690 ¹1¹.
516 2635 612 2690 Sextio
628 2635 720 2704 legato
733 2636 762 2691 in
778 2635 950 2706 Biturigibus

95 2711 243 2779 hiemabat,
252 2713 412 2778 arcesseret,
422 2715 506 2780 atque
513 2710 554 2765 ita
562 2727 624 2765 cum
633 2725 669 2766 111
679 2711 833 2780 legionibus
844 2712 950 2785 [quam]

95 2788 202 2858 magnis
217 2785 362 2842 itineribus
376 2786 413 2841 ad
427 2803 457 2843 se
472 2787 595 2844 reniret:
612 2787 672 2857 ipse
689 2788 799 2857 equites
815 2790 845 2844 in
862 2790 949 2845 vicem

96 2863 246 2919 Remorum
264 2878 297 2917 ac
309 2861 462 2931 Lingonum
478 2863 701 2933 reliquarumque
719 2863 870 2934 civitatum,
884 2883 950 2936 quo-

93 2954 155 2993 rnm
164 2955 294 3008 magnum
303 2954 446 2992 numerum
463 2943 630 3007 evocaverat,
644 2940 782 3009 praesidio
797 2941 950 3010 pabulatio-

79 3014 166 3069 nibus
173 3017 272 3085 mittit,
282 3016 334 3089 qui
343 3014 454 3072 subitas
463 3015 589 3071 hostium
598 3015 769 3069 incursiones
777 3017 953 3072 sustinerent.

42 3124 62 3163 3
122 3095 163 3145 12.
206 3095 293 3162 Quod
306 3114 400 3170 quum
413 3094 544 3169 quotidie
556 3090 764 3158 daretma'pam
770 3090 971 3140 consuetudins

52 3154 212 3230 ‘11'11'5'0utr'a
225 3173 428 3248 minueretur,
440 3171 528 3249 quod
537 3170 717 3245 alermum
730 3160 838 3218 maudut
847 3157 990 3224 &illim-⁸
