2018 3396
468 120 579 170 uranu
595 120 618 169 1.
941 126 971 169 Μ

118 202 148 254 id
166 201 315 270 conspicati
334 201 463 267 Helvetii,
476 202 524 271 qui
541 202 570 255 in
587 203 710 256 montem
728 218 788 257 sese
803 205 972 271 receperant,

118 295 213 331 rursus
242 278 346 331 instare
375 281 404 332 et
433 279 566 346 proelium
597 278 789 346 redintegrare
815 281 972 347 coeperunt.

119 354 235 408 Romani
253 370 382 407 conversa
400 353 477 421 signa
494 353 628 422 bipartito
646 354 814 408 intulerunt:
833 355 922 422 prima
943 358 973 408 et

118 430 319 484 sceundaaoies
331 430 454 501 strictis
471 447 502 484 ac
519 430 663 484 summotis
677 431 827 498 resisteret,
840 430 924 484 tortia
940 434 972 484 ut

117 507 259 561 venientes
271 505 428 559 sustineret.
580 550 592 569 ,.

170 589 210 637 26.
248 583 293 636 Ita
306 582 417 649 ancipiti
428 580 531 650 proelio
543 582 590 635 diu
602 585 687 650 atque
701 583 804 636 acriter
818 585 970 652 pugnatum

117 660 168 714 est.
203 658 315 712 Diutius
334 674 419 725 quum
439 657 574 711 sustinere
593 662 750 711 nostrorum
774 659 894 728 impetus
915 676 971 713 non

117 737 237 803 possent,
254 735 333 787 alteri
350 750 380 786 se
399 735 431 786 ut
451 736 603 800 coeperant
615 733 643 786 in
660 737 781 787 montem
800 739 970 803 receperunt,

117 811 197 864 alteri
217 810 253 864 ad
272 809 469 878 impedimenta
488 813 517 862 ct
536 826 627 863 carros
647 826 710 862 suos
729 827 759 863 so
779 812 969 866 coutulerunt:

118 904 179 940 nam
193 888 242 941 hoc
251 891 311 939 toto
319 886 429 954 proelio,
437 903 521 953 quum
531 885 566 938 ab
576 885 643 939 hora
652 887 770 954 septima
780 888 815 940 ad
826 905 969 956 vesperum

116 966 268 1030 pugnatum
281 963 324 1029 sit,
337 978 462 1015 avorsum
474 961 689 1016 hostem'ridere
701 979 782 1016 nemo
795 965 893 1031 potuit.
922 965 970 1018 Ad

117 1039 230 1092 multam
247 1042 355 1090 noctem
375 1037 457 1090 etiam
477 1037 513 1089 ad
532 1037 729 1105 impedimenta
747 1043 898 1106 pugnatum
917 1045 968 1107 est,

117 1118 263 1183 propterea
282 1112 357 1181 quod
375 1129 425 1181 pro
445 1114 515 1166 valio
535 1125 626 1167 carros
645 1115 803 1181 objecerant
824 1120 854 1169 ct
874 1133 890 1169 e
910 1116 969 1170 loco

113 1191 256 1258 superiore
274 1190 301 1242 in
318 1193 425 1242 nostros
437 1189 578 1243 venientes
594 1190 650 1242 tela
662 1189 850 1258 conjiciebant,
863 1195 892 1246 et
903 1209 969 1246 nou-

117 1267 183 1319 nulli
195 1269 267 1319 iuter
278 1281 370 1318 carros
381 1268 512 1332 rotasque
524 1269 644 1319 mataras
656 1282 687 1319 ac
704 1267 827 1334 tragulas
845 1268 969 1335 subjicie-

117 1341 183 1395 bant
202 1345 364 1409 nostrosquo
385 1339 571 1393 vulnerabant.
608 1341 662 1394 Diu
680 1358 765 1409 quum
783 1347 856 1396 esset
868 1361 969 1411 pugna·

117 1420 183 1478 tum,
202 1416 404 1485 impcdmrentis
423 1416 574 1484 castrisque
597 1417 684 1470 nostri
707 1418 790 1484 potiti
814 1423 886 1474 suut.
924 1420 968 1473 lbi

117 1494 287 1561 Orgetorigis
306 1492 362 1545 filia
380 1495 464 1559 atque
481 1509 551 1546 uuus
570 1509 586 1545 e
602 1493 666 1546 filiis
682 1496 778 1562 captus
795 1497 846 1548 est.
880 1495 923 1548 Ex
935 1512 968 1550 oo

115 1570 220 1638 proelio
232 1567 340 1622 circiter
352 1567 490 1621 hominum
504 1568 578 1622 milia
589 1583 662 1622 cxxx
674 1570 868 1637 superfuerunt
880 1587 967 1640 eaque

116 1650 175 1699 tota
194 1651 273 1698 nocte
294 1645 466 1697 continenter
490 1644 597 1700 icrunt:
623 1645 725 1699 nullam
749 1650 856 1715 partem
880 1648 967 1701 noetis

115 1723 214 1776 itinero
226 1720 380 1774 intermisso
390 1719 418 1772 iu
430 1720 498 1773 fines
511 1721 662 1788 Lingonum
675 1721 720 1775 die
730 1725 827 1790 quarto
836 1738 965 1791 perteue

116 1802 187 1866 runt,
201 1813 285 1864 quum
297 1799 326 1849 ot
338 1798 451 1864 propter
463 1796 575 1850 vulnera
586 1798 703 1851 militum
716 1802 744 1851 ct
756 1795 869 1867 propte'r
878 1800 967 1868 sepul-

116 1877 205 1928 turam
224 1873 373 1926 occisorum
392 1872 478 1925 nostri
498 1872 620 1925 triduum
640 1874 739 1926 morati
755 1891 801 1928 eos
818 1874 895 1942 sequi
911 1892 966 1930 uon

115 1951 274 2019 potuissent
301 1948 400 2002 Caesar
414 1948 449 2000 ad
462 1949 598 2015 Lingonas
610 1948 704 2003 literas
715 1950 878 2018 nuntiosque
890 1951 966 2006 misit

115 2043 150 2078 uo
162 2043 207 2083 eos
219 2027 355 2078 frumento
368 2040 436 2076 nevo
449 2023 544 2076 aliare
561 2024 689 2091 juvarent
700 2046 707 2090 ;
725 2025 771 2094 qui
785 2027 807 2079 si
821 2027 965 2095 juvissent,

116 2119 145 2155 se
158 2101 252 2154 eodem
265 2101 323 2152 loco
337 2116 390 2168 quo
405 2098 546 2152 Helvetios
559 2099 724 2154 habiturum.
749 2102 813 2170 Ipse
825 2103 916 2156 triduo
925 2103 966 2157 in-

117 2178 240 2230 termisso
252 2193 314 2229 cum
327 2175 452 2228 omnibus
464 2176 548 2243 copiis
560 2192 606 2228 cos
619 2176 695 2242 sequi
707 2178 802 2245 coepit.

167 2258 207 2309 27.
245 2249 366 2304 Helvetii
386 2251 506 2303 omnirmr
524 2268 615 2304 remur
631 2252 721 2319 inopia
735 2252 847 2307 adducti
859 2253 965 2320 legatos

116 2328 151 2382 do
174 2327 314 2382 deditione
340 2327 376 2381 ad
400 2344 463 2380 eum
487 2328 627 2381 miseruut.
666 2328 718 2392 Qui
741 2345 823 2397 quum
847 2346 910 2382 eum
934 2330 964 2383 iu

115 2404 212 2458 itinero
224 2403 410 2458 convenissent
423 2420 505 2472 seque
517 2404 554 2457 ad
568 2404 654 2471 pedes
669 2404 848 2473 proiecissent
864 2406 964 2473 suppli-

115 2481 237 2548 citerque
251 2480 334 2533 locuti
352 2480 449 2534 flentcs
464 2496 558 2549 pacem
575 2480 716 2548 petissent,
729 2484 813 2549 atque
829 2498 876 2534 ees
890 2483 916 2533 in
931 2498 964 2534 eo

114 2556 172 2610 loco
182 2573 236 2626 quo
246 2563 304 2610 tum
315 2560 406 2610 essent
416 2573 494 2610 suum
504 2557 652 2611 adventum
663 2561 821 2624 exspectare
827 2556 962 2624 jussisset,

113 2636 270 2700 paruemmt.
294 2633 334 2685 uo
345 2623 492 2702 postiluam
506 2634 606 2687 Cacsar
618 2633 750 2700 pervenit,
758 2632 873 2698 obsides,
881 2649 963 2705 arma,

114 2723 207 2762 servos
218 2709 264 2776 qui
281 2709 317 2763 ad
334 2726 380 2763 eos
399 2711 581 2778 perfugissent
598 2711 727 2779 poposcit.
766 2709 838 2760 Dum
855 2724 888 2761 ea
904 2723 964 2761 con-

113 2785 258 2851 quiruntur
270 2789 299 2839 et
310 2785 492 2851 conferuntur,
502 2792 580 2840 nocte
592 2786 747 2840 intermissa
759 2785 867 2837 circiter
878 2783 965 2838 hornid

112 2875 178 2913 uum
190 2860 265 2914 milia
276 2877 306 2914 vr
318 2861 378 2928 ejus
396 2863 467 2930 pagi,
479 2863 526 2930 qui
544 2863 715 2930 Verbigenus
732 2861 893 2930 appellatur,
907 2861 963 2914 sivo

112 2935 212 2990 timore
224 2938 363 3004 perterriti
378 2955 412 2992 ne
424 2939 507 2991 armis
519 2938 629 2992 traditis
642 2938 772 3006 supplicio
784 2937 968 2996 afficerentur,

113 3013 170 3066 sire
181 3029 230 3080 spo
242 3014 337 3067 salutis
348 3014 453 3068 inducti
467 3015 540 3082 quod
552 3015 580 3066 in
593 3018 673 3067 tanta
679 3007 1003 3089 naitanumnsaeuxux3

112 3089 216 3142 ciorum
236 3106 313 3144 suam
332 3089 426 3160 fugam
445 3095 496 3146 aut
513 3090 654 3146 occuitari
668 3084 861 3141 auterannus
874 3084 989 3138 *tm*

108 3180 189 3233 proso
206 3167 409 3238 existimarent,
426 3169 524 3240 prima
540 3171 633 3224 nocte
652 3182 671 3218 e
687 3161 801 3218 castus
813 3141 970 3202 traseae

146 3246 162 3288 2
