2018 3396
112 113 143 160 14
367 107 395 156 C.
414 107 516 157 JULII
533 109 704 159 CAESARIS

110 189 215 258 egressi
238 187 274 241 ad
298 186 426 242 Rhenum
450 189 574 258 finesque
598 191 796 246 Germanorum
817 196 965 251 contende-

49 280 64 309 ·-
111 270 184 319 runt.

163 347 203 396 28
234 342 314 408 Quod
322 343 372 397 ubi
384 343 485 398 Caesar
496 345 596 412 resciit,
605 362 720 413 quorum
730 362 780 414 per
789 347 856 401 fines
866 348 963 415 ierant,

110 417 152 470 his
164 418 207 471 uti
223 419 417 487 conquirerent
433 423 463 474 et
478 420 651 489 reducerent,
667 423 689 476 si
705 422 756 474 sibi
772 424 882 491 purgati
902 441 963 478 esso

109 493 219 561 vellent,
232 493 394 563 imperavit:
411 496 540 550 reductos
552 497 580 550 in
592 498 711 551 hostium
724 515 837 552 numero
849 499 963 556 habuit:

108 569 229 640 reliquos
252 587 348 626 omnes
368 572 519 640 obsidibus,
539 573 629 640 armis,
652 575 775 643 perfugis
798 576 910 630 traditis
933 576 963 630 in

43 686 46 695 .
109 646 278 701 deditionem
290 649 403 717 accepit.
440 649 591 717 Helvetios,
605 650 741 718 Tulingoq
755 652 918 720 Latobrigos
932 653 962 706 iu

110 722 177 777 fines
199 740 261 777 snos
280 725 354 779 unde
375 728 454 779 erant
473 725 590 794 proiecti
609 728 711 780 reverti
727 727 820 795 jussit,
838 732 867 781 et
887 728 962 796 quod

109 798 235 852 omnibns
254 800 381 868 frugibus
402 802 509 855 amissis
531 802 605 855 domi
624 803 691 857 nihil
708 809 769 857 erat
788 822 843 873 quo
860 805 960 859 laniem

108 874 265 943 tolerarent,
275 876 470 945 Allobrogibus
478 878 623 947 imperavit
635 884 667 934 ut
675 881 708 932 iis
715 880 846 934 frumenti
854 882 960 949 copiam

107 951 248 1007 facerent:
267 953 341 1021 ipsos
359 953 460 1022 oppida
471 955 600 1024 vicosque
613 973 681 1024 quos
693 956 870 1010 incenderant
882 959 961 1010 resti-

108 1030 187 1082 tuere
200 1029 293 1096 jussit.
331 1030 366 1084 Id
385 1046 417 1084 ea
433 1031 551 1084 maxime
571 1033 676 1085 ratione
695 1033 761 1086 fecit
778 1033 852 1101 quod
871 1034 960 1088 noluit

107 1120 170 1157 cum
182 1105 270 1159 locum
283 1106 357 1160 undo
368 1106 488 1160 Helvetii
499 1106 681 1161 discesserant
689 1126 792 1173 vacare,
801 1125 835 1161 ne
845 1114 960 1178 propter

107 1179 259 1236 bonitatem
266 1199 394 1251 agrorum
405 1183 541 1252 Germani,
550 1184 597 1254 qui
607 1189 683 1238 trans
693 1185 818 1238 Rhenum
829 1184 958 1252 incolunt,

107 1259 192 1313 esuis
204 1258 304 1313 finibus
315 1260 344 1314 in
358 1260 549 1315 Helvetiorum
561 1262 630 1316 fines
642 1261 792 1316 transirent
804 1264 833 1314 et
850 1261 958 1315 finitimi

68 1342 74 1349 “
108 1335 213 1390 Galliae
231 1337 385 1405 provinciae
406 1337 655 1408 Allobrogibusque
675 1342 776 1392 essent.
813 1337 896 1392 Boios
911 1346 958 1406 pe-

107 1413 232 1467 tentibus
246 1413 359 1480 Aeduis,
373 1414 448 1482 qued
463 1414 573 1482 egregia
589 1415 691 1468 virtute
707 1418 786 1468 erant
803 1414 914 1482 cogniti,
926 1418 958 1468 ut

107 1488 136 1541 in
158 1490 258 1544 tinibus
278 1491 334 1543 suis
353 1490 518 1544 collocarent
536 1490 687 1554 eoncessit;
706 1490 806 1558 quibus
823 1489 862 1543 illi
878 1507 958 1558 agros

108 1564 246 1618 dederunt
266 1581 389 1634 quosque
408 1568 504 1632 postea
523 1564 661 1633 inparem
676 1565 749 1632 juris
765 1565 958 1635 libertatisque

107 1640 290 1694 conditionem
302 1645 386 1707 atque
398 1640 450 1707 ipsi
463 1644 542 1693 erant
554 1645 726 1710 receperunt.

159 1723 200 1771 29.
238 1717 270 1770 ln
291 1716 387 1770 castris
410 1715 601 1769 Helvetiorum
621 1717 729 1769 tabulae
748 1722 957 1785 reportassent

105 1792 207 1846 litteris
221 1792 332 1846 Graecis
344 1791 483 1846 coniectae
495 1794 525 1845 et
536 1791 572 1845 ad
583 1793 726 1846 Caesarem
736 1792 846 1856 relatae,
855 1792 956 1859 quibus

106 1868 134 1920 in
150 1868 254 1922 tabulis
269 1868 429 1922 nominatim
448 1867 519 1922 ratio
539 1870 661 1922 confecta
678 1871 745 1932 crat,
761 1867 809 1934 qui
826 1883 955 1919 numerus

106 1943 187 1998 ‹lomo
208 1944 312 1999 exisset
332 1960 426 1998 eorum
446 1944 493 2014 qui
515 1961 591 1998 amna
608 1945 680 1998 ferre
699 1945 817 2011 possent,
837 1946 867 1995 et
887 1941 954 1995 item

106 2020 254 2087 separatim
273 2021 361 2090 pueri,
373 2037 452 2075 senes
468 2020 658 2087 mulieresque.
697 2019 818 2082 Quarum
834 2017 953 2070 omniurn

105 2112 198 2151 rerum
210 2114 315 2152 summa
332 2100 392 2151 erat
408 2096 528 2162 capitum
544 2096 735 2149 Helvetiorum
751 2093 826 2146 milia
842 2108 953 2162 cenxm,

105 2171 280 2242 Tulingorum
292 2173 367 2226 milia
380 2187 474 2239 xxxvi,
484 2171 692 2239 Latobrigorum
703 2186 759 2237 x1v,
769 2171 953 2224 Rauracorum

105 2249 333 2317 xx111,Boiorum
353 2263 451 2303 xxxn:
477 2264 511 2301 ex
528 2247 571 2300 his
590 2248 637 2317 qui
653 2264 730 2300 arma
746 2249 820 2301 ferre
841 2252 953 2316 possent

104 2325 140 2377 ad
163 2325 240 2379 milia
267 2339 337 2378 xe11.
380 2323 492 2377 Sunrma
521 2323 641 2376 omnium
670 2323 782 2378 fuerunt
812 2323 849 2377 ad
878 2325 953 2378 milia

54 2402 65 2419 ’
104 2415 251 2455 oeenxvnr.
286 2400 388 2454 Eorum
405 2400 453 2468 qni
469 2399 580 2453 domum
596 2399 739 2454 redierunt
754 2417 837 2454 censu
849 2399 953 2468 habito,

104 2480 135 2530 ut
155 2478 256 2532 Caesar
275 2477 467 2546 imperaverat,
488 2479 615 2546 repertus
636 2479 679 2530 est
697 2493 827 2531 numerus
846 2477 951 2530 milium

45 2600 57 2615 „
103 2556 161 2607 eet
173 2569 199 2608 x.
664 2606 675 2624 ‚

155 2635 196 2685 30.
232 2630 310 2685 Bello
329 2630 520 2684 Helvetiorum
537 2629 660 2683 confecto
675 2629 760 2683 totius
775 2629 834 2682 iere
846 2626 951 2681 Galliae

102 2705 195 2775 legati,
219 2706 356 2776 principes
378 2705 528 2773 civitatum,
552 2705 588 2758 ad
613 2705 757 2758 Gaesarem
779 2701 950 2771 gratulatum

103 2786 303 2838 convenerunt:
331 2781 490 2850 Intelligere
513 2797 581 2848 sose,
604 2779 715 2833 tametsi
738 2795 789 2848 pre
812 2776 952 2831 veteribus

104 2859 294 2913 Helvetiorum
306 2857 414 2927 injuriis
424 2857 517 2927 populi
531 2856 646 2910 Romani
659 2854 694 2909 ab
709 2854 751 2908 his
763 2869 864 2924 poenas
876 2852 951 2906 bello

102 2934 257 3005 repetisset,
277 2937 370 2989 tamen
390 2949 450 2987 eam
474 2950 532 2987 rem
552 2950 605 2986 non
624 2932 714 2985 minus
733 2948 767 2985 ex
787 2947 840 2984 usu
859 2931 951 2983 terrae

103 3019 208 3074 Galliae
226 3034 309 3087 quam
325 3017 418 3087 pepuli
435 3016 549 3070 Romani
566 3008 706 3084 accidisse,
717 3017 864 3085 propterea
875 3013 951 3082 quod

101 3109 135 3147 eo
157 3094 269 3147 consilio
292 3091 491 3148 florentissimis
513 3091 597 3147 rebus
621 3091 717 3146 domos
741 3107 804 3145 suas
829 3089 950 3143 Helvetii

92 3168 279 3234 reliquissent,
299 3170 340 3223 uti
361 3169 414 3225 toti
431 3169 537 3226 Galliae
552 3168 656 3225 bellum
670 3168 807 3222 inferrent
823 3165 951 3233 imperio-
