2018 3396
275 327 278 330 ’
328 337 445 398 mana
463 338 639 407 colanus.

434 549 536 578 -4-

62 720 151 774 Lucro
164 718 289 771 Don1n1o
303 715 395 784 Appio
407 714 521 770 Claudio
534 714 606 768 (loss.
619 713 762 768 discedens
774 713 809 768 ab
819 713 895 768 hiber

62 795 104 848 nis
129 795 229 848 Caesar
248 793 277 845 in
297 792 415 856 Italiam,
436 794 468 843 ut
488 790 633 859 quotannis
651 790 740 843 iacere
759 793 910 857 consuerat,

61 869 160 938 legatis
176 870 301 937 imperat,
320 883 388 935 quos
405 866 557 932 legionibus
574 867 751 933 praefecerat,
766 866 808 919 uti
828 883 910 934 quam

15 1010 17 1015 .
61 945 192 1014 plurimas
208 947 319 1013 possent
340 943 429 996 hieme
450 959 531 994 naves
551 941 731 996 aedificandas
750 945 911 1010 veteresque

17 1057 20 1062 -
62 1021 224 1075 reficiendus
233 1023 366 1073 curarent.
394 1019 495 1072 Ilarum
505 1017 911 1086 modumformamqucdemon-

15 1104 23 1129 ’-
62 1100 141 1151 strat.
177 1096 224 1150 Ad
236 1096 404 1149 celeritatem
416 1094 547 1148 onerandi
562 1093 809 1162 subductionesque
820 1094 910 1162 paullo

15 1190 21 1227 ι
63 1173 129 1226 iacit
147 1172 303 1226 humiliores
322 1188 405 1240 quam
425 1171 524 1240 quibus
542 1171 570 1223 in
588 1174 681 1224 nostro
699 1170 768 1223 mari
786 1170 828 1223 uti
851 1187 912 1223 con-

15 1250 22 1272 '
64 1249 201 1304 suavimus
208 1270 215 1315 ;
228 1253 311 1317 atquc
322 1248 353 1301 id
366 1265 398 1301 cc
410 1248 497 1316 magis
512 1247 586 1316 quod
599 1250 713 1316 propter
722 1246 833 1300 crebras
840 1263 910 1300 com-

64 1326 230 1380 mutationes
242 1328 367 1378 aestuum
379 1324 468 1377 minus
482 1340 593 1391 magnos
608 1323 647 1375 ibi
661 1323 760 1376 fluctus
775 1322 835 1375 ficri
851 1339 912 1389 cog-

64 1405 191 1456 noverat:
203 1401 239 1454 ad
248 1417 329 1453 onera
338 1403 367 1454 ct
375 1401 412 1452 ad
418 1399 623 1452 multitudinem
628 1399 816 1466 jumentorum
824 1401 912 1451 trane

64 1477 225 1546 portandam
237 1476 327 1544 paullo
336 1475 446 1528 latiores
454 1491 537 1543 quam
546 1474 645 1542 quibus
653 1475 682 1528 in
690 1474 802 1542 reliquis
808 1472 912 1543 Umor

64 1553 190 1606 maribus.
226 1551 286 1604 Has
304 1568 395 1604 omncs
413 1550 547 1604 actuarias
561 1551 680 1618 imperat
695 1550 761 1616 lieri,
778 1565 858 1618 quam
876 1549 912 1602 ad

64 1645 123 1682 rem
140 1629 256 1682 multum
274 1627 413 1680 humilitas
431 1625 551 1695 adjuvat.
587 1626 626 1679 Ila
640 1642 710 1693 quac
726 1629 790 1678 sunt
802 1626 862 1678 usui
876 1626 912 1678 ad

64 1703 208 1758 armandas
219 1719 301 1756 naves
314 1720 347 1756 cx
362 1702 494 1771 Hispania
506 1702 645 1771 apportari
652 1700 741 1769 jubet
778 1701 842 1770 ipsc
851 1718 913 1754 con-

65 1779 192 1833 ventibus
205 1779 308 1834 Galliae
321 1779 453 1833 citerioris
464 1779 582 1847 peractis
597 1778 625 1831 iu
643 1778 781 1846 Illyricum
794 1777 913 1846 proficis·
1004 1797 1005 1801 ¹

64 1856 143 1921 citur,
153 1855 380 1923 quodal'irustis
390 1855 533 1907 finitimam
542 1858 650 1922 partem
660 1853 818 1908 Provinciae
826 1853 914 1906 incur-

65 1931 185 1985 sionibus
196 1930 297 1983 vastari
310 1930 446 1983 audiebat.
482 1930 522 1983 Eo
532 1947 615 1998 quum
624 1929 750 1996 venisset,
758 1928 914 1983 civitatibus

65 2003 166 2060 nlilitcs
188 2006 305 2074 imperat
328 2010 489 2074 certumque
512 2005 652 2059 inlocum
669 2005 811 2059 convenire
824 2003 915 2072 jubet.

67 2083 127 2147 Qua
144 2098 174 2136 re
191 2083 318 2135 nunciata
337 2083 463 2135 Pirustae
480 2081 585 2150 legatos
603 2081 640 2134 ad
657 2098 719 2135 eum
737 2081 850 2135 mittunt
866 2081 915 2149 qui

66 2157 666 2227 doceantnilrilcarumrerumpublicciactum
674 2156 792 2223 consilio,
800 2172 915 2226 seseque

65 2236 175 2302 paratos
187 2249 246 2286 esse
258 2233 447 2287 demonstrant
459 2226 584 2311 cans
595 2232 745 2286 rationibus
761 2231 796 2286 dc
807 2232 915 2300 injuriis

66 2309 230 2363 satisfacere.
268 2310 401 2378 Pcrccpta
424 2309 546 2362 oratione
569 2324 663 2362 corum
687 2308 788 2363 (laesor
805 2307 915 2361 obsides

65 2385 182 2454 imperat
200 2402 301 2454 eosque
319 2384 354 2438 ad
372 2388 474 2438 certam
493 2384 566 2438 diem
582 2383 682 2436 adduci
695 2383 791 2451 juloct3
808 2382 859 2436 nisi
875 2385 916 2436 ita

64 2463 186 2530 fecerint,
200 2479 259 2516 seso
275 2461 347 2515 bello
365 2461 505 2515 civitatem
517 2462 726 2530 persecuturum
738 2459 915 2512 demonstrat.

67 2539 121 2592 His
138 2539 175 2592 ad
195 2539 267 2592 diem
291 2537 416 2591 adductis
439 2539 472 2590 ut
495 2534 827 2610 imperaverat‚arbitros
843 2534 916 2588 inter

66 2615 191 2668 civitates
204 2614 252 2668 dut
264 2615 311 2682 qui
322 2613 400 2666 litem
409 2612 555 2666 aestiment
563 2626 733 2680 poenamque
742 2610 914 2665 constituant

118 2695 142 2743 2.
178 2691 230 2743 llis
254 2688 383 2743 coniectis
401 2687 483 2741 rcbus
501 2686 731 2754 conventibusque
753 2686 871 2754 peractis
888 2686 916 2739 in

66 2765 220 2819 citeriorem
238 2765 353 2819 Galliam
368 2763 517 2818 revertitur
528 2767 613 2832 atque
630 2761 695 2816 inde
712 2761 748 2815 ad
768 2763 916 2816 exercitum

67 2841 253 2908 proficiscitur.
290 2841 329 2893 ilo
353 2856 438 2909 quum
461 2839 586 2903 venisset
615 2837 764 2892 circumitis
791 2837 917 2891 omnibus

67 2915 195 2984 hibernis,
207 2916 336 2982 singulari
348 2915 465 2969 militum
477 2915 568 2968 studio
579 2914 608 2967 in
624 2929 729 2967 summa
745 2914 863 2967 omnium
875 2929 917 2967 rc-

47 3008 127 3063 ⁸rum
139 2993 229 3060 inopia
241 2991 350 3044 circiter
368 3006 402 3044 ne
419 2989 479 3058 ejus
494 2990 603 3057 generis
618 2989 696 3057 cujus
713 3005 794 3058 supra
806 2989 917 3043 demon-

63 3067 211 3120 strauimus
222 3083 307 3120 naves
319 3070 348 3120 ct
357 3066 451 3135 longas
460 3066 661 3120 xxvminvcnit
668 3065 917 3135 instructasncquc
