2018 3396
448 130 560 180 LIBER
577 131 615 183 H.
927 134 960 185 89

108 214 147 270 ad
168 214 304 284 legionem
327 211 460 267 decimam
484 211 601 271 devenit.
638 211 742 268 Milites
764 228 818 265 non
840 212 961 281 longiore

108 291 231 346 oratione
254 289 411 346 cohortatus
432 305 517 358 ,quam
540 288 581 342 uti
605 305 669 342 suae
693 288 824 358 pristinae
850 290 961 345 virtutis

108 367 267 422 memoriam
289 365 443 419 retinerent
462 381 517 418 neu
536 362 767 432 perturbarentur
786 364 877 418 animo
899 364 961 418 hos-

108 444 232 513 tiumque
242 443 378 511 impetum
389 441 498 495 sortiter
509 440 685 506 sustinerent,
697 439 771 508 quod
785 457 839 494 non
854 440 961 509 longius

108 518 202 573 hostes
222 517 338 572 aberant
358 533 441 584 quam
460 532 514 583 quo
535 515 621 570 telum
642 514 725 583 adjici
743 520 845 584 posset,
863 515 961 585 proelii

109 593 297 653 committendi
316 592 422 659 signnm
441 590 527 646 dedit.
565 592 659 660 Atque
674 591 703 645 in
719 591 835 645 alteram
851 595 960 659 partem

108 670 176 730 item
195 668 356 723 cohortandi
375 684 455 722 causa
473 668 613 737 profectus
631 667 816 736 pugnantibus
837 668 961 722 occurrit.

110 745 251 815 'l'emporis
269 746 348 798 tanta
363 744 416 797 fuit
432 743 568 811 exiguitas
586 742 760 810 hostiumque
775 746 832 797 tam
849 746 961 811 paratus

110 821 146 875 ad
158 821 342 875 dimicandum
354 820 465 888 animus,
477 823 509 873 ut
521 836 575 873 non
586 820 667 873 modo
680 820 716 872 ud
728 819 844 886 insignia
859 836 962 873 accom-

109 897 253 964 modanda,
266 897 315 950 sed
327 896 411 950 etiam
423 895 458 948 ad
469 895 561 963 galeas
574 895 726 949 induendas
741 897 878 963 scutisque
893 896 961 963 tegi-

75 1020 80 1026 .
109 977 201 1027 menta
213 971 388 1027 detrudendo
401 973 509 1039 tempus
524 971 652 1026 defuerit.
668 989 673 999 ·
689 971 776 1036 Quam
795 973 908 1041 quisque
925 971 960 1024 ab

109 1065 192 1116 opere
202 1050 231 1102 in
244 1052 353 1117 partem
367 1063 431 1100 casu
445 1046 556 1101 devenit
570 1064 692 1116 quaeque
706 1048 794 1116 prima
809 1048 885 1114 signa
899 1064 960 1100 eon-

109 1126 205 1192 spenit,
218 1124 332 1178 adhaec
344 1123 475 1191 constitit,
486 1139 522 1177 ne
533 1123 561 1176 in
573 1124 738 1192 quaerendis
752 1122 807 1175 suis
821 1122 961 1191 pugnandi

109 1202 218 1268 tempus
230 1200 391 1254 dimitteret.

161 1281 203 1330 22.
239 1275 378 1330 Instructo
394 1275 516 1330 exercitu
531 1275 617 1342 magis
636 1279 668 1329 ut
686 1274 737 1327 loci
756 1280 854 1328 natura
872 1275 961 1342 choc·

108 1354 209 1421 tusque
220 1352 295 1407 collis
307 1355 337 1406 et
348 1352 495 1406 necessitas
506 1351 637 1418 temporis
648 1366 730 1419 quam
742 1354 774 1403 ut
786 1351 826 1403 rei
835 1350 961 1403 militaris

109 1428 179 1481 ratio
199 1431 282 1499 atque
301 1428 369 1481 ordo
388 1426 551 1495 postulabat,
571 1443 653 1493 quum
676 1425 790 1479 diversis
810 1425 961 1492 legionibus

109 1503 178 1558 aliae
191 1502 245 1557 alia
259 1504 287 1558 in
301 1506 381 1573 purte
395 1503 518 1556 hostibus
533 1503 701 1567 resisterent,
715 1501 879 1569 sepibusque
894 1501 960 1554 den-

109 1580 228 1648 sissimis,
238 1583 271 1633 ut
287 1583 351 1634 ante
368 1579 618 1642 demonstrauimus,
630 1576 784 1645 interjectis
796 1581 960 1657 prospectus

108 1654 295 1723 impediretur,
308 1672 396 1723 nequo
413 1658 488 1707 certa
504 1653 624 1707 subsidia
643 1654 775 1720 collocari,
786 1670 875 1721 neque
894 1654 961 1722 quid

108 1729 138 1782 in
161 1747 268 1799 qunque
291 1734 371 1799 parte
392 1747 459 1798 opus
480 1733 554 1782 esset
575 1728 720 1797 provideri,
741 1745 829 1797 neque
850 1729 886 1782 ab
906 1746 960 1783 uno

110 1804 199 1858 omnia
215 1806 329 1874 imperia
347 1805 532 1858 administrari
551 1808 685 1873 poterant.
722 1804 821 1873 Itaque
837 1805 866 1858 in
882 1809 960 1860 tanta

108 1895 201 2008 qannm
218 1881 363 1949 iniquitate
378 1881 504 1934 fortunae
523 1896 629 1949 quoque
648 1884 761 1934 eventus
780 1881 847 1933 runi
866 1898 961 1950 seque-

160 2037 200 2086 23.
237 2032 365 2100 Legionis
376 2049 463 2086 nonae
476 2035 506 2085 et
518 2032 639 2086 decimae
650 2033 758 2098 milites,
767 2036 800 2086 ut
810 2032 839 2086 in
852 2033 961 2087 sinistra

108 2111 186 2175 parte
198 2107 255 2161 acie
267 2108 453 2174 constiterant,
465 2107 527 2176 pilis
540 2108 644 2161 omissis
658 2124 739 2162 eursu
752 2125 784 2162 ee
798 2108 959 2162 lassitudine

109 2183 276 2236 exanimatos
287 2182 498 2250 vulneribusque
514 2182 651 2237 confectos
667 2184 818 2238 Atrebates
831 2185 903 2251 (nam
917 2184 959 2237 his

109 2274 141 2312 ca
152 2275 216 2328 pars
228 2259 385 2326 obvenerat)
399 2258 525 2312 celeriter
537 2251 571 2312 e'x
585 2259 644 2313 loco
660 2261 800 2327 superiore
816 2261 844 2314 in
859 2261 959 2313 llunren

108 2335 297 2403 compulerunt
305 2339 333 2388 et
340 2334 457 2388 transire
466 2338 595 2388 conantes
604 2335 718 2389 insecuti
727 2336 824 2404 gladiis
833 2352 959 2403 magnam

107 2414 214 2478 partem
233 2428 327 2464 eorum
346 2411 507 2479 impeditam
526 2411 729 2465 interfecerunt.
768 2413 825 2478 Ipsi
842 2412 959 2465 transire

107 2485 208 2541 flumen
220 2504 274 2540 non
284 2486 490 2555 dubitaverunt,
503 2491 532 2541 et
543 2488 570 2540 in
583 2488 671 2541 locum
686 2488 808 2555 iniquum
822 2487 959 2554 progressi

75 2560 88 2583 '
108 2578 203 2615 rursus
219 2563 378 2616 resistentes
395 2563 487 2616 hostes
503 2564 690 2632 redintegrato
706 2563 809 2632 proelio
824 2563 851 2614 in
865 2561 960 2629 fugum‘

108 2638 289 2705 conjecerunt.
326 2639 402 2692 Itcnr
412 2639 464 2690 alia
475 2639 501 2691 in
515 2645 593 2706 parte
608 2641 732 2694 diversae
747 2638 817 2690 dune
831 2632 957 2704 legiones,

106 2714 249 2767 mideoimu
260 2715 289 2768 et
301 2717 404 2780 ottavo,
417 2714 565 2782 profligatis
580 2715 787 2780 Veromanduis,
800 2712 958 2780 quibuscrun

107 2794 185 2842 erant
197 2790 341 2857 congressi,
354 2806 388 2842 ex
404 2789 462 2843 loeo
479 2792 618 2859 superiore
633 2791 661 2844 in
676 2790 742 2859 ipsis
759 2788 876 2842 lluminis
892 2789 958 2858 ripis

106 2865 316 2933 procliabuntur.
348 2866 388 2919 At
396 2866 463 2919 totis
471 2867 530 2920 fere
540 2885 556 2921 a
568 2869 657 2922 fronte
670 2871 699 2921 ct
711 2867 746 2920 ab
758 2867 867 2920 sinistra
878 2869 958 2933 parto

106 2941 217 2995 nudatis
231 2941 335 3008 castris,
352 2959 433 3010 quum
449 2943 477 2994 in
494 2943 592 2997 dextro
609 2959 692 2996 cornu
708 2941 778 3009 legio
796 2940 958 2995 duodecima

106 3019 136 3071 et
147 3033 201 3071 non
213 3032 312 3084 magno
321 3016 355 3069 ab
364 3034 397 3070 en
405 3018 548 3071 intervallo
558 3018 673 3086 septima
682 3017 856 3083 constitisset,
864 3033 957 3070 omnes

110 3092 202 3147 Nervii
214 3093 411 3147 confertissimo
424 3094 534 3162 agmine
546 3091 618 3149 duce
627 3093 832 3160 boduognuto,
841 3091 982 3154 <quem

107 3185 176 3222 nram
188 3168 298 3239 imperii
310 3171 437 3243 tenebat,
444 3172 484 3230 ud
497 3173 675 3230 cumloeurn
684 3164 924 3226 conuenerunt,
937 3168 1000 3215 (qen
