2018 3396
79 111 126 163 174
336 118 363 166 Ο.
381 117 399 165 J
403 117 483 165 ULII
500 113 675 163 CAESARIS

75 197 188 248 ventum
202 204 276 251 esset
288 208 325 263 et,
342 199 374 250 ut
392 200 563 260 convenerat,
582 210 693 249 manum
713 191 830 245 Commii
849 190 936 244 Volu-

76 287 158 324 senus
171 273 341 342 arripuisset,
355 273 478 326 centurio
491 271 534 326 vel
546 269 601 340 [ut]
613 270 721 323 insueta
741 285 771 322 re
790 272 935 336 permotus

76 347 121 401 rel
133 347 260 417 celeriter
272 366 288 401 a
300 348 480 402 familiaribus
492 347 647 416 prohibitus
666 345 782 399 Commii
800 344 936 399 conficere

33 443 48 469 ο
77 424 215 478 hominem
227 442 281 478 nou
293 425 399 493 potuit;
413 424 537 493 graviter
548 427 642 478 tamen
659 423 747 491 primo
765 421 825 475 ictu
841 422 936 490 gladio

77 498 182 569 [eaput]
217 502 360 569 percussit.
397 500 487 565 Quum
517 502 658 568 utrimque
685 499 772 567 gladii
807 498 935 553 destricti

78 578 179 643 essent,
196 593 250 629 non
268 579 325 631 tam
343 577 484 646 pugnandi
502 594 585 645 quam
604 576 767 644 diffugIendi
786 576 840 631 fuit
858 579 936 629 utro-

78 667 195 720 rumque
207 652 363 719 eonsilium
381 657 547 720 nostrorum,
566 652 641 721 quod
659 652 801 706 mortifero
821 652 935 706 vulnero

79 727 232 780 Commium
244 728 395 781 eredebant
406 729 548 794 affectum3
565 729 715 796 Gallorum,
734 727 810 797 quod
826 727 935 782 insidiis

79 803 195 870 cognitis
207 803 287 871 plura
299 821 380 872 quam
394 803 526 858 videbant
538 804 764 858 extimescebant.
788 804 849 869 Quo
861 804 935 858 iacto

80 879 209 932 statuisse
226 879 364 932 Commius
382 879 526 935 dicebatur
543 897 692 951 numquam
709 880 738 933 iu
756 883 935 949 conspectum

80 953 242 1023 cujusquam
257 955 373 1008 ltomaui
386 956 486 1012 venire.

132 1043 172 1090 24.
207 1038 429 1092 Bellicosissimis
446 1039 576 1107 gentibus
594 1038 710 1094 devictis
729 1039 831 1093 Caesar
848 1056 935 1108 quum

80 1112 190 1167 videret
200 1114 370 1181 nullamjam
382 1130 443 1168 csse
455 1116 595 1169 civitatem
613 1131 684 1184 quae
701 1114 804 1168 bellum
821 1119 936 1184 pararet

81 1189 201 1258 quesibi
214 1190 364 1258 resisteret,
377 1190 427 1244 sed
439 1190 582 1244 nonnullos
594 1207 628 1244 ex
643 1189 752 1259 oppidis
769 1190 935 1258 demigrare,

81 1282 116 1319 ex
135 1265 208 1333 agris
229 1265 364 1334 diffugere
385 1267 421 1320 ad
444 1282 574 1334 praeseus
597 1266 742 1334 imperium
767 1266 935 1335 evitandum,

80 1341 174 1408 plures
197 1342 226 1394 in
249 1345 343 1411 partes
367 1343 518 1396 exereitum
542 1341 686 1396 dimittere
710 1341 860 1396 coustituit.
896 1342 935 1396 M.

82 1417 234 1471 Antonium
252 1421 427 1486 quaestorem
447 1435 508 1472 euru
529 1417 635 1485 legione
654 1433 685 1470 xr
707 1417 759 1470 sibi
778 1417 936 1487 conjungit3

82 1493 112 1546 Ο.
126 1493 241 1547 Fabium
254 1494 376 1562 legatum
390 1509 452 1547 cum
463 1493 622 1547 cohortibus
634 1508 690 1546 xxv
701 1493 789 1547 mittit
800 1494 829 1547 iu
847 1494 937 1548 diver-

81 1569 217 1622 sissimam
231 1569 334 1623 Galliae
346 1573 462 1637 partem,
475 1569 550 1637 quod
561 1568 600 1622 ibi
613 1568 746 1638 quasdam
761 1569 888 1624 civitates
905 1571 936 1625 iu

81 1646 164 1698 armis
176 1661 236 1698 esse
247 1645 385 1711 audiebat,
398 1660 487 1712 neque
500 1645 529 1698 (l.
546 1644 689 1698 Caninium
712 1644 841 1699 Rebilum
861 1645 936 1714 lega-

82 1724 149 1788 tum,
162 1721 208 1788 qui
220 1719 271 1789 [in]
284 1720 337 1773 illis
349 1719 506 1787 regionibus
518 1723 653 1788 praeerat,
670 1720 738 1774 satis
754 1720 847 1775 firmas
865 1721 936 1776 duas

81 1796 202 1863 legiones
214 1796 316 1850 babere
328 1795 511 1851 existimabat.
537 1795 566 1848 Τ.
578 1795 728 1849 Labienum
740 1795 777 1849 ad
788 1812 819 1850 se
830 1800 936 1866 evocat,

82 1870 272 1938 legionemque
296 1887 346 1938 xn,
360 1888 429 1940 quae
450 1881 564 1941 eqru‘co
587 1871 679 1925 fueret
700 1871 730 1924 iu
754 1871 884 1941 bibernis,
906 1874 936 1927 iu

83 1947 215 2014 Togatam
229 1948 346 2001 Galliam
358 1948 445 2002 mittit
457 1947 494 2001 ad
506 1947 624 2001 colonias
636 1948 735 2001 civium
748 1947 936 2004 Romanorum

83 2023 207 2089 tuendas,
222 2022 342 2090 nequod
359 2024 448 2078 simile
465 2023 667 2077 incommodum
684 2023 822 2078 accideret
838 2024 937 2079 decur-

83 2098 160 2150 sione
177 2098 355 2152 barbarorum
370 2116 402 2152 ae
414 2099 554 2168 superiore
566 2103 672 2153 aestate
681 2099 850 2167 Tergestinis
865 2102 936 2156 accl-

85 2174 179 2240 disset,
189 2173 236 2241 qui
245 2175 539 2242 repentinolatronicio
547 2178 632 2242 atquc
641 2175 937 2243 impetueorumerant

84 2250 214 2318 oppressi.
250 2249 316 2318 Ipse
339 2249 376 2303 ad
406 2251 553 2304 uastandos
583 2250 843 2319 depopulandosque
866 2253 937 2308 fines

84 2325 254 2393 Ambiorigis
265 2324 454 2394 proficiscitur,
465 2342 546 2393 quem
555 2327 734 2394 perterritum
743 2342 775 2380 ac
784 2326 937 2395 fauentem

84 2420 167 2471 quum
188 2401 277 2469 redigi
301 2417 381 2470 posse
404 2402 432 2455 iu
457 2419 533 2455 suam
554 2405 722 2470 potestatem
751 2402 935 2472 desperasset,

83 2480 238 2548 proximum
256 2495 321 2532 suae
339 2478 482 2546 dignitatis
495 2495 555 2531 esse
567 2476 686 2532 ducebat
700 2477 770 2531 adeo
788 2479 856 2532 fines
874 2479 936 2547 ejus

83 2559 192 2608 vastare
220 2554 331 2621 civibus,
365 2554 504 2620 aediliciis,
534 2570 640 2621 pecore,
670 2556 703 2607 ut
732 2553 794 2607 odio
823 2570 937 2610 suorum

84 2630 236 2697 Ambiorix,
266 2630 290 2684 si
319 2647 389 2699 quos
418 2630 528 2683 fortuna
549 2630 659 2683 fecisset
677 2629 805 2698 reliquos,
828 2629 936 2686 nullum

83 2706 204 2759 reditum
216 2709 330 2775 propter
339 2708 431 2759 tantas
439 2705 610 2758 calamitates
619 2705 734 2761 baberet
745 2705 775 2759 in
786 2705 937 2763 civitatem.

20 2774 29 2799 “
136 2786 175 2835 25.
215 2783 304 2848 Quum
315 2781 344 2834 iu
363 2797 456 2835 omues
474 2784 567 2850 partes
586 2781 681 2834 finium
700 2780 868 2850 Ambiorigis
886 2787 937 2838 aut

83 2855 205 2925 legiones
224 2861 272 2911 aut
290 2857 391 2910 auxilia
410 2857 565 2926 dimisisset,
584 2862 667 2928 atque
685 2858 775 2912 omnia
793 2857 935 2928 caedibus,

20 2968 27 2983 ,
82 2932 224 3000 incendiis,
238 2934 340 3003 rapinis
351 2939 494 3003 vastasset,
506 2951 605 3004 magno
616 2951 730 2989 numero
741 2934 882 2988 bominum
894 2935 933 2988 iu-

71 3009 191 3064 texuero
202 3016 254 3067 aaut
266 3017 358 3084 capto,
374 3013 527 3068 Labienum
537 3028 600 3066 eum
615 3011 721 3064 duabus
736 3010 890 3078 legionibus
906 3011 936 3066 in

59 3076 193 3143 Treviros
205 3091 308 3161 mittit,
324 3109 452 3164 quorum
465 3091 574 3158 ciuitas,
582 3090 697 3157 propter
709 3085 872 3138 Germaniae
877 3087 944 3137 *iidi-

41 3153 169 3218 orarem
195 3171 389 3236 quotidianis
406 3168 578 3226 exercitata
591 3161 687 3224 bellis,
705 3157 786 3212 “blm
801 3161 835 3207 ᾖ
847 3156 965 3208 ΜΝ
