2018 3396
106 131 121 177 8
365 127 393 171 0.
410 121 512 171 JULII
530 122 702 170 CAESARIS

107 206 185 261 sociis
203 206 326 259 eoactum
345 201 472 267 habebat,
488 202 641 270 praemittit
660 202 707 271 qui
722 203 833 257 videant
847 220 913 272 quas
929 203 957 256 in

64 326 83 353 ὁ
105 285 199 352 partes
223 281 315 333 hostes
338 278 393 332 iter
416 278 522 331 faciant.
559 278 611 343 Qui
635 279 759 348 cupidius
783 280 957 332 novissimum

106 375 204 427 agmen
222 356 337 411 insecuti
356 356 443 409 alieno
460 355 519 408 loco
539 372 600 409 cum
621 357 746 424 equitatu
768 356 957 408 Helvetiorum

106 434 237 503 proelium
250 433 438 497 committuut;
456 436 486 485 ct
502 432 581 500 pauci
593 431 629 485 de
639 433 740 485 nostris
753 432 861 486 cadunt.
898 431 957 494 Quo

62 558 74 579 ,
105 509 209 579 proelio
225 509 326 562 sublati
341 508 470 575 Helvetii,
484 507 558 576 quod
575 508 731 577 quingentis
746 508 882 576 equitibus
898 511 958 560 tan-

106 590 164 640 tam
182 584 385 639 multitudinem
406 584 529 652 equitum
547 585 731 653 propulerant,
749 585 877 637 audacius
896 583 958 636 sub-

107 662 203 716 sistere
214 677 405 728 noununquam
417 663 447 712 et
458 660 602 713 novissimo
615 662 722 728 agmine
733 660 836 729 proelio
849 663 958 713 nostros

107 738 240 792 lacessere
255 738 409 805 coeperunt.
448 735 549 789 Caesar
565 752 627 788 suos
642 754 659 789 a
674 737 776 806 proelio
793 736 957 803 continebat,

107 831 139 867 ae
159 815 224 866 satis
243 812 364 866 habebat
382 812 410 865 in
429 813 586 880 praesentia
604 812 711 866 hostem
726 813 834 881 rapinis,
849 811 959 881 pabula-

107 890 225 944 tionibus
236 887 509 958 populationibusque
521 888 673 956 prohibere.
711 889 757 942 lta
775 889 833 941 dies
851 888 959 941 circiter

107 965 263 1034 quindecim
283 965 337 1018 iter
357 965 482 1018 fecerunt
499 964 540 1017 uti
556 964 629 1017 iuter
648 965 821 1017 notissimum
841 963 958 1016 hostium

107 1059 206 1110 agmen
223 1045 252 1095 et
269 1045 393 1094 nostrum
405 1040 522 1108 primum
534 1055 588 1092 non
600 1041 715 1109 amplius
727 1041 815 1108 <lirinis
827 1041 875 1093 aut
888 1040 959 1092 senis

107 1118 216 1172 milibus
228 1133 356 1187 passuum
368 1116 520 1168 interesset.

52 1202 64 1228 ⁰
162 1199 201 1247 16.
238 1192 354 1246 Interim
377 1190 499 1261 quotidie
523 1192 625 1246 Caesar
650 1193 762 1246 Aeduos
791 1192 957 1246 frumentum

108 1269 182 1336 quod
206 1271 298 1323 essent
321 1267 429 1337 publice
451 1267 564 1336 polliciti
584 1269 715 1338 flagitare.
747 1269 822 1322 Nam
845 1271 959 1337 propter

108 1345 218 1413 frigora,
228 1345 302 1414 quod
315 1344 403 1398 Gallia
416 1344 466 1398 sub
479 1345 726 1414 septemtrionibus,
735 1348 767 1398 ut
779 1347 843 1398 autc
855 1344 958 1397 dietum

107 1425 160 1488 ost,
171 1422 261 1490 posita
272 1423 324 1488 est,
335 1438 391 1475 non
402 1420 483 1474 modo
499 1421 637 1474 frumenta
654 1421 681 1474 in
699 1421 770 1488 agris
785 1424 892 1473 matura
905 1436 957 1472 nou

109 1500 196 1565 erant,
209 1497 258 1552 sed
270 1513 305 1550 ne
316 1496 411 1566 pabuli
423 1496 533 1565 quidem
548 1497 615 1550 satis
630 1513 730 1564 magna
743 1497 819 1565 eopia
834 1499 958 1565 suppete-

108 1573 173 1629 bat:
191 1591 224 1628 eo
245 1576 336 1627 autem
355 1573 492 1626 frumento
513 1571 588 1639 quod
607 1572 716 1625 flumine
738 1574 827 1626 Arare
846 1572 959 1625 navibus

109 1650 281 1717 subvexerat,
300 1651 447 1718 propterea
466 1647 508 1699 uti
523 1647 612 1700 minus
631 1651 741 1715 priterat
760 1648 833 1716 quod
852 1649 905 1702 iter
924 1648 958 1701 ab

110 1727 200 1778 Arare
219 1724 340 1778 Helvetii
359 1725 523 1789 averterant,
538 1739 555 1775 a
573 1723 670 1789 quibus
685 1723 827 1777 discedere
842 1724 957 1778 nolebat.

110 1800 190 1853 Diem
202 1817 236 1854 ex
249 1799 294 1852 die
307 1799 407 1852 ducere
421 1797 526 1863 Aedui5
544 1798 667 1865 conferri,
680 1801 850 1867 comportari,
863 1800 958 1853 adesse

45 1934 47 1938 ¹
110 1876 208 1930 dicere.
245 1874 301 1928 Ubi
319 1891 349 1929 se
369 1874 470 1928 diutius
487 1874 550 1928 duci
565 1874 700 1934 intellexit
717 1879 746 1929 et
762 1875 833 1928 diem
849 1876 958 1940 instare,

109 1968 163 2020 quo
175 1950 220 2005 dic
231 1951 398 2004 frumentum
409 1950 539 2004 militibus
551 1951 641 2004 metiri
653 1954 799 2019 oporteret,
807 1952 959 2004 convocatis

110 2043 204 2080 corum
223 2027 397 2096 principibus,
417 2043 533 2095 quorum
551 2043 676 2094 magnam
696 2028 800 2095 copiam
818 2027 959 2080 incastris

109 2102 235 2171 habebat,
247 2099 275 2157 in
287 2102 328 2157 his
338 2103 472 2156 Divitiaco
484 2106 514 2157 et
524 2103 661 2171 Lisco,qui
673 2120 777 2156 sunmro
789 2103 959 2170 magistratui

109 2182 245 2248 praeerat,
258 2195 339 2248 quem
352 2177 554 2246 vergobretum
567 2179 705 2247 appellant
718 2179 816 2244 Aedui,
828 2180 874 2248 qui
886 2196 960 2232 crea-

111 2259 159 2308 tur
176 2271 281 2309 annuus
298 2257 327 2309 et
344 2255 416 2309 vitae
434 2254 561 2322 necisque
572 2255 600 2309 in
618 2271 680 2308 suos
691 2254 776 2308 babet
787 2258 960 2323 potestatem,

112 2331 233 2398 graviter
252 2347 298 2384 cos
317 2333 426 2384 accusat
444 2330 525 2399 quod,
539 2348 623 2399 quum
642 2348 730 2400 neque
749 2332 803 2385 cmi
820 2349 909 2398 neque
926 2349 960 2384 ex

110 2408 184 2475 agris
201 2407 272 2460 sumi
286 2410 387 2475 posset,
399 2409 456 2461 tam
473 2408 625 2460 necessario
640 2410 772 2476 tempore,
783 2410 841 2460 tam
853 2408 960 2476 propin-

79 2498 82 2503 ·
112 2484 172 2551 quis
189 2482 312 2536 hostibus
331 2481 366 2536 ab
384 2483 416 2536 iis
433 2499 487 2536 non
505 2482 679 2549 sublevatum
697 2483 859 2552 praesertim
878 2501 959 2551 quum

110 2575 210 2626 magna
228 2575 263 2613 ex
281 2562 361 2625 parte
379 2575 473 2612 eorum
491 2558 616 2627 precibus
634 2559 769 2627 adductus
785 2558 887 2612 bellum
905 2575 961 2612 sus·
985 2577 991 2587 ·

111 2634 222 2702 coperit,
228 2634 316 2688 multo
328 2636 409 2689 etiam
421 2636 528 2703 gravius
540 2635 612 2703 quod
626 2637 661 2689 sit
673 2635 822 2689 destitutus
831 2634 959 2703 queritur.

167 2717 207 2768 17.
243 2711 311 2764 Tum
324 2712 433 2765 demum
446 2711 540 2764 Liseus
552 2712 674 2764 oratione
688 2711 813 2765 Caesaris
827 2711 961 2765 adductus

112 2786 187 2854 quod
204 2790 286 2842 antea
300 2790 423 2842 tacuerat
437 2789 580 2857 proponit:
599 2788 667 2842 Esse
684 2786 834 2855 nonnullos,
847 2804 961 2858 quorum

112 2865 260 2918 auctoritas
279 2864 352 2934 apud
371 2863 479 2934 plebem
497 2863 642 2933 plurimum
658 2863 755 2932 valeat,
772 2865 817 2933 qui
835 2865 961 2933 privatim

111 2938 174 3006 plus
185 2940 289 3008 possint
301 2956 382 3010 quam
394 2941 445 3008 ipsi
456 2940 639 3007 magistratus.
667 2941 727 2993 llos
740 2941 868 2994 seditiosa
879 2943 961 3007 atque

113 3013 236 3082 improba
248 3016 369 3070 oratione
382 3014 584 3068 multitudinem
596 3015 737 3070 deterrere
749 3034 784 3070 ne
795 3017 961 3069 fuuneutum

114 3091 254 3144 conferant
265 3091 354 3162 iquod
366 3094 506 3161 praestare
519 3090 654 3157 debeant3
673 3093 696 3147 si
710 3091 770 3161 jam
781 3092 962 3162 principatum

64 3152 83 3181 “
114 3163 218 3224 Galliac
239 3166 363 3223 obtinere
382 3183 436 3222 nou
455 3169 575 3238 possent
596 3167 735 3224 Gallorum
758 3184 840 3240 quam
862 3167 962 3222 Rema-
