2018 3396
448 127 559 175 LIBER
580 126 631 176 IV.
937 127 969 174 63

115 212 287 277 intulissent3
303 209 464 277 exspectare
479 223 544 262 vero
560 206 626 260 dum
643 206 763 261 hostiurn
779 209 873 278 copiae
888 225 970 280 auge·

114 293 210 342 rentur
234 287 428 357 equitatusque
451 286 645 350 reverteretur,
670 299 790 338 summae
814 286 969 342 dementiae

62 398 68 407 ·
112 382 173 418 csse
180 363 333 433 judicabat,
345 364 374 414 et
385 360 494 428 cognita
506 360 645 414 Gallorum
657 360 824 429 infirmitate,
836 369 968 430 quantum
988 411 990 415 .

108 440 168 507 jam
180 441 254 510 apud
266 455 313 507 eos
324 438 417 490 hostes
429 452 483 489 une
494 435 598 504 proelio
614 437 786 491 auctoritatis
803 442 894 492 essent
909 455 969 493 cou-

112 518 199 570 secuti
212 515 363 580 sentiebat;
384 511 484 582 quibus
495 511 532 566 ad
544 512 654 566 consilia
664 513 798 581 capienda
808 514 876 567 nihil
887 517 969 584 spatii

112 591 233 645 dandum
252 588 433 645 existimabat.
471 588 523 641 His
542 589 698 642 constitutis
713 588 797 643 rebus
812 591 842 643 et
858 592 968 646 consilio

111 685 174 720 cum
192 668 291 735 legatis
308 670 338 720 et
355 667 501 735 quaestore
521 664 719 718 communicato
739 682 774 719 nc
794 682 877 735 quem
894 667 967 721 dicm

111 760 219 812 pugnae
251 743 493 813 praetermitteret,
525 741 754 810 opportunissima
784 758 829 795 res
859 744 966 809 accidit,

111 820 185 887 quod
206 821 339 888 postridie
364 818 424 887 ejus
447 818 501 871 diei
526 834 605 871 mane
626 817 722 871 eadem
746 821 776 872 et
799 819 915 886 perfidia
938 825 967 874 et

111 897 284 950 sinmlatione
295 897 337 949 usi
351 896 479 949 Germani
491 895 650 963 frequentes
661 895 784 948 omnibus
801 896 967 964 principibus

111 971 314 1040 majoribusque
326 976 391 1024 natu
404 971 535 1024 adhibitis
547 971 583 1025 ad
595 988 658 1024 eum
673 971 702 1024 in
718 974 809 1024 castra
825 976 967 1034 venerunt,

111 1047 198 1115 simul,
220 1053 251 1102 ut
271 1048 420 1113 dicebatur,
439 1047 482 1100 sui
505 1048 640 1115 purgandi
662 1064 750 1115 causa,
775 1048 850 1117 quod
872 1051 967 1102 contra

110 1127 193 1190 atque
214 1129 286 1178 esset
309 1125 412 1177 dietum
437 1127 466 1176 et
489 1123 541 1191 ipsi
564 1123 700 1192 petissent
723 1125 854 1192 proelium
878 1124 967 1192 pridie

109 1199 313 1265 commisissent,
327 1199 407 1252 sinml
418 1203 457 1266 ut,
474 1199 497 1251 si
514 1199 582 1267 quid
598 1203 716 1267 possent,
734 1199 769 1252 dc
785 1199 901 1254 induciis
917 1199 966 1253 lal-

110 1274 190 1327 lendo
215 1276 402 1344 impetrarent.
439 1273 513 1337 Quos
537 1273 589 1327 sibi
613 1275 715 1329 Caesar
735 1275 840 1329 oblatos
857 1275 966 1343 gavisus

110 1350 170 1403 illos
192 1352 304 1404 retineri
322 1351 425 1418 jussit:
449 1349 508 1416 ipse
530 1365 623 1404 omnes
645 1350 736 1419 copias
755 1351 851 1403 castris
870 1349 966 1405 eduxit

110 1427 324 1494 equitatumque,
336 1426 412 1494 quod
424 1426 526 1478 recenti
538 1426 642 1492 proelio
654 1425 831 1494 perterritum
844 1442 903 1478 esse
919 1442 966 1479 ex·

109 1502 256 1568 istimabat,
270 1518 368 1570 agmen
381 1501 510 1567 subsequi
519 1500 610 1568 jussit.
981 1549 1005 1562 ,,.

165 1583 203 1631 14,
242 1578 310 1631 heio
323 1577 423 1646 triplici
446 1576 574 1629 instituta
593 1579 622 1629 et
640 1576 766 1631 celeriter
782 1579 844 1630 oete
861 1578 963 1631 milium

109 1650 207 1705 itinere
220 1654 350 1719 confecto,
363 1653 438 1722 prius
451 1651 487 1705 ad
499 1652 619 1705 hostium
636 1657 726 1706 castra
741 1651 866 1721 pervenit
883 1670 962 1720 quam

109 1728 177 1795 quid
198 1734 325 1795 ageretur
347 1729 476 1783 Germani
495 1729 598 1782 sentire
615 1732 734 1796 possent.
771 1728 823 1792 Qui
841 1729 965 1782 omnibus

109 1803 191 1856 rebus
209 1804 298 1858 subite
317 1804 458 1875 perterriti
477 1808 508 1858 ct
524 1804 666 1858 celeritate
683 1803 817 1858 adventus
833 1805 919 1857 nostri
936 1812 964 1858 ct

109 1878 231 1933 discessu
255 1897 373 1949 suorum,
391 1898 481 1949 neque
506 1881 610 1934 consilii
633 1880 752 1934 habendi
776 1897 865 1949 neque
889 1897 965 1934 arma

109 1955 233 2023 capiendi
259 1958 346 2026 spatio
373 1957 447 2025 dato,
464 1957 661 2026 perturbantur
685 1957 811 2024 copiasne
835 1955 965 2009 adversus

110 2031 216 2085 hostem
241 2033 346 2099 ducere,
372 2050 407 2086 an
429 2037 518 2087 castra
536 2033 691 2097 defendero,
708 2049 743 2085 an
760 2033 825 2100 fuga
849 2032 963 2086 salutem

109 2111 203 2174 petere
215 2112 375 2176 praestaret.
412 2110 533 2174 Quorum
545 2109 628 2162 timor
640 2125 725 2176 quum
736 2108 849 2161 fremitu
861 2111 890 2162 et
903 2124 966 2162 con·

109 2198 191 2237 cursu
209 2185 415 2254 significaretur,
431 2187 531 2240 milites
547 2184 635 2238 nostri
652 2184 759 2252 pristini
777 2183 832 2236 diei
850 2183 965 2252 perfidia

109 2259 215 2337 incitati
236 2261 263 2312 in
283 2265 373 2314 eastra
399 2262 564 2330 irruperunt.
601 2261 660 2325 Quo
685 2260 743 2313 loco
768 2261 814 2329 qui
839 2260 965 2315 celeriter

109 2350 186 2387 arma
198 2352 294 2405 capere
311 2342 461 2405 potuerunt
476 2338 614 2407 paulisper
629 2338 730 2391 nostris
747 2337 909 2390 rest'terunt
924 2340 965 2389 at

110 2411 244 2478 quainter
254 2429 344 2466 carros
353 2413 605 2483 impedimentaque
615 2414 746 2483 proelium
759 2412 965 2473 commiserunt;

66 2519 72 2528 ·
110 2490 139 2540 at
155 2488 261 2556 reliqua
276 2489 425 2543 multitudo
441 2506 588 2559 puerorum
605 2489 812 2557 mulierumque,
824 2504 887 2541 nam
903 2503 964 2540 cum

110 2562 235 2616 omnibus
247 2564 303 2617 suis
315 2545 582 2620 domo⁴excesserant
595 2565 783 2632 Rhenumque·
790 2563 964 2626 transierant,

110 2638 210 2706 passim
233 2639 328 2707 fugere
351 2641 458 2708 cocpit;
482 2641 519 2694 ad
541 2657 611 2710 quos
639 2639 834 2706 consectandos
866 2637 966 2692 Cacsar

110 2714 264 2781 equitatum
275 2715 356 2769 misit.

164 2795 203 2844 15.
241 2791 370 2846 Germani
380 2795 443 2860 post
452 2791 794 2860 tergumclamoreaudibo,
802 2806 886 2858 quum
901 2805 965 2843 suos

110 2865 227 2919 interfici
246 2867 381 2935 viderent,
399 2868 482 2921 armis
500 2868 617 2935 abjectis
641 2868 779 2935 signisque
802 2863 974 2917 militaribus

111 2941 213 2995 relictis
226 2959 255 2995 se
268 2959 300 2996 ex
314 2944 410 2998 castris
423 2942 577 3013 ejecerunt,
593 2948 625 2998 et
640 2959 733 3010 quum
746 2939 790 2990 ab
803 2933 1004 2986 cannae-mm

107 3014 203 3070 Mosae
222 3021 252 3072 et
269 3018 362 3076 Rheni
388 3022 601 3094 peruenissent,
616 3019 736 3083 reliqua
749 3012 830 3075 We*
852 3004 1009 3103 &Q

97 3107 200 3161 magno
224 3112 345 3155 numero
368 3100 541 3168 interiecto,
560 3096 674 3167 reliqui
692 3107 728 3144 se
741 3089 783 3140 'm
797 3075 1001 3192 1κὲῗῖὲῂ

85 3166 254 3232 Pitarcrlmt
267 3181 365 3251 atque
382 3181 427 3238 ibi
446 3179 576 3249 timore,
588 3165 802 3233 lassitudine.
812 3167 851 3205 Ἣ
888 3155 916 3188 “
