2018 3396
419 128 528 176 mana
543 128 595 175 111.
640 110 649 135 ⁸
900 132 931 178 49

76 211 227 282 plurimum
238 208 353 265 nuribus
369 225 469 279 pesse;
486 208 623 262 Romanos
639 226 728 277 neque
747 209 830 263 ullam
851 210 932 264 facul-

77 290 164 342 tatem
176 286 280 341 habere
291 285 402 340 narium
413 301 504 354 neque
521 301 615 339 eorum
629 284 749 338 locorum
765 286 813 339 ubi
828 286 931 341 bellum

77 363 184 432 gesturi
203 365 305 429 essent,
325 361 402 491 zea,
422 360 642 435 portuqinsrhs
657 361 765 415 novisse
775 383 782 428 ;
801 379 833 416 ac
852 362 932 431 lenge

77 439 160 493 aliam
172 454 233 493 esse
244 437 342 506 naviga
356 437 444 491 'onem
459 436 487 490 iu
504 437 629 491 concluse
646 438 715 491 mari
731 442 814 506 atque
829 438 858 492 in
873 456 931 493 ras·

78 515 186 570 tissime
207 518 292 583 atque
315 512 486 581 apertissime
507 512 616 567 Oceano
634 514 842 583 perspiciebant.
878 516 931 569 His

77 591 154 646 initis
165 589 284 645 consiliis
296 588 398 658 oppida
409 589 543 656 muniunt,
555 589 693 644 frumenta
705 607 739 643 eu
751 591 823 658 agris
840 591 869 644 iu
885 608 931 661 op

77 667 144 737 pida
155 667 334 735 comportant,
346 680 430 718 naves
441 664 470 717 in
482 664 637 729 Venetiam,
650 664 698 718 ubi
714 666 859 720 Caesarem
875 668 931 735 pri-

78 759 154 797 mum
174 759 235 796 esse
252 740 354 793 bellum
372 743 513 808 gcstunrm
533 742 683 807 constabat,
700 759 782 810 quam
800 743 931 811 plurimas

77 821 194 887 possunt
205 819 311 884 cegrmt.
348 815 439 870 Socios
452 815 505 868 sibi
518 815 553 868 ad
566 816 595 869 id
607 817 708 870 bellurn
722 817 852 885 Osismes,
862 819 932 872 Lex-

79 893 162 960 ovies,
174 892 200 945 N
202 893 323 958 aunetes,
337 889 511 956 Ambiliatos,
525 891 652 960 Morinos,
666 893 827 958 Diablintes,
837 894 931 947 Mena-

78 970 139 1038 pios
157 968 330 1023 adsciscunt:
349 966 449 1018 auxilia
467 983 502 1020 ex
522 967 664 1021 Britannia
683 986 752 1036 quac
771 973 931 1024 contraeas

79 1045 204 1112 regiones
215 1043 305 1111 posita
316 1045 359 1095 est
371 1046 518 1096 arcessunt.
953 1076 956 1081 -

134 1126 171 1173 10.
207 1120 293 1172 blant
308 1116 360 1171 hae
375 1116 550 1172 difficultates
561 1119 626 1172 belli
642 1121 756 1188 gerendi
769 1137 837 1188 quas
849 1136 931 1187 supra

80 1195 255 1261 ostendimus,
274 1193 323 1247 scd
346 1192 433 1246 multa
451 1194 596 1247 Caesarem
614 1199 706 1249 tamen
724 1196 759 1248 ad
777 1196 807 1248 id
827 1195 930 1248 bellum

79 1271 247 1325 incitabant:
265 1269 381 1337 injuriae
404 1272 574 1323 retentorum
598 1271 721 1338 equitum
740 1271 930 1337 Romanorum,

79 1346 193 1399 rebellio
203 1345 277 1398 sacta
287 1347 349 1412 pest
367 1344 543 1411 deditionem,
557 1345 675 1399 defectio
692 1346 930 1410 datisobsidibus,

80 1425 123 1476 tot
134 1421 276 1475 civitatum
289 1419 448 1488 conjuratio,
461 1421 488 1473 in
501 1421 597 1490 primis
608 1438 643 1475 nc
654 1422 705 1475 hae
717 1424 795 1489 parte
807 1422 947 1488 neglecta.

79 1496 203 1564 reliquae
214 1495 336 1549 nationes
349 1495 401 1548 sibi
412 1496 486 1549 idem
499 1497 580 1549 liecrc
593 1497 800 1550 arbitrarentur.
832 1497 931 1564 Itaque

80 1588 165 1641 quum
176 1571 345 1638 intelligeret
357 1588 450 1624 ornnes
462 1571 520 1624 fere
533 1572 624 1625 Gallos
636 1572 712 1624 nevis
724 1570 806 1624 rebus
818 1571 930 1624 studere

80 1651 110 1701 et
133 1647 170 1700 ad
193 1647 294 1700 bellum
317 1646 456 1700 mobiliter
483 1647 665 1716 cleriterquc
693 1648 814 1714 excitari,
837 1664 931 1701 omnes

81 1727 175 1777 autem
186 1721 309 1775 hemines
321 1726 419 1775 natura
434 1723 489 1776 libe
517 1723 556 1775 ati
573 1723 685 1776 studere
701 1726 731 1776 et
747 1723 930 1776 conditionem

81 1798 223 1852 seruitutis
248 1798 345 1863 odisse,
369 1798 526 1866 priusquam
556 1798 647 1866 plures
675 1798 800 1852 civitates
827 1799 931 1866 censpi-

80 1878 181 1942 rurcnt,
192 1873 366 1941 partiendum
379 1873 431 1926 sibi
449 1889 480 1926 ac
495 1873 577 1926 latius
592 1873 813 1927 distribuendum
829 1875 931 1927 exerei-

80 1955 140 2003 tum
152 1949 270 2018 putavit.

135 2032 173 2079 11.
211 2026 309 2092 Itaque
328 2025 357 2079 Τ.
375 2024 525 2078 Labienum
542 2026 662 2092 legatum
686 2026 715 2078 in
733 2026 866 2094 Treviros,
884 2026 930 2094 qui

80 2101 197 2171 proximi
209 2101 312 2153 flumini
326 2100 422 2153 Rhene
434 2104 505 2167 sunt,
518 2117 579 2153 cunr
592 2101 718 2169 equitatu
728 2101 822 2155 mitt't.
859 2102 931 2154 lluic

81 2177 194 2231 mandat
206 2177 306 2229 Remos
317 2175 491 2244 reliquosque
504 2175 604 2243 Belgas
616 2177 698 2230 adeat
709 2182 792 2246 atquc
803 2177 832 2230 in
844 2177 930 2230 officio

81 2254 225 2318 contineat,
246 2251 457 2318 Germanosque,
476 2252 523 2318 qui
542 2252 641 2305 auxilio
660 2270 677 2306 a
696 2253 790 2320 Belgis
809 2254 931 2306 arcessiti

81 2327 250 2394 dicebantur,
262 2326 285 2380 si
296 2343 346 2395 per
356 2327 410 2380 vim
423 2327 537 2380 navibus
550 2327 650 2381 flumen
662 2329 780 2381 transire
800 2331 932 2381 conentur

81 2402 232 2472 probibeat
271 2403 298 2455 P.
313 2401 440 2455 Crassum
456 2418 517 2455 cum
534 2403 691 2457 cohortibus
713 2404 867 2471 legionariis
888 2419 932 2456 xm

81 2484 111 2533 ct
133 2495 232 2547 magne
254 2495 368 2532 numere
393 2479 531 2546 equitatus
548 2480 576 2532 in
595 2481 774 2548 Aquitaniam
798 2479 932 2547 proficisci

80 2553 167 2622 jubet,
178 2571 213 2609 ne
225 2571 259 2608 ex
272 2555 314 2607 his
326 2555 481 2611 nationibus
493 2555 594 2608 auxilia
610 2557 638 2608 in
654 2556 769 2610 Galliam
784 2555 932 2608 mittantur

82 2647 114 2683 ac
124 2634 219 2685 tantae
230 2631 355 2684 nationes
366 2631 573 2699 conjungantur.
610 2632 641 2696 Q.
654 2631 789 2684 Titurium
802 2630 930 2684 Sabinum

82 2706 203 2775 legatum
222 2723 284 2760 cum
300 2706 451 2774 legionibus
466 2707 555 2761 tribus
571 2708 598 2759 in
616 2708 737 2773 Unellos,
755 2707 932 2760 Curieselitas

84 2780 270 2850 Lexoviosque
287 2783 373 2836 mittit
386 2783 433 2851 qui
448 2799 509 2836 earn
525 2799 635 2836 manum
648 2782 831 2836 distinendam
846 2789 931 2836 curet.

83 2854 119 2912 1).
142 2858 261 2911 Brutum
289 2858 489 2912 adolescentem
512 2858 590 2912 classi
618 2858 783 2926 Gallicisque
810 2858 931 2925 navibus,

83 2946 151 3000 quas
173 2951 208 2986 ox
233 2933 393 2989 Pictonibus
406 2934 453 2989 'et
481 2934 614 2991 Sentenis
636 2934 815 3002 reliquusque
836 2933 954 3012 passim

77 3010 236 3076 regionibus
247 3014 399 3071 convenire
408 3011 741 3086 jusserat,pracbcit,et
748 3009 975 3076 emam&

65 3091 165 3178 P⁰⁸gct
174 3088 353 3151 in'Venctes
366 3094 518 3168 proficisci
528 3093 630 3166 iubet.
661 3090 741 3158 ipse
757 3097 796 3136 ee
807 3071 975 3146 §imm

60 3172 327 3231 coprrscentcndit.
