2018 3396
428 135 539 184 LIBER
555 134 637 186 VIII.
915 137 962 189 179

108 227 257 283 manesque
268 215 377 284 pedites
389 231 511 271 summae
523 215 677 270 velocitatis
688 214 813 269 homines
825 215 862 269 ad
873 220 964 270 castra

107 292 227 347 hostium
244 291 414 360 praemittit:
426 291 485 360 ipse
497 291 632 359 legionem
644 308 727 344 unam
741 292 770 344 in
786 291 860 345 trina
873 296 964 347 castra

108 368 257 435 distribuit,
271 367 387 420 alteram
400 383 492 420 secum
504 367 664 437 expeditam
678 367 762 421 ducit.
799 368 889 433 Quum
901 385 963 437 pro-

107 444 169 513 pius
181 444 274 498 hostes
286 443 452 510 accessisset,
463 441 497 496 ab
510 442 729 512 exploratoribus
738 460 806 514 quos
818 445 963 512 praemise-

108 524 153 574 rat
168 519 305 587 cognoscit
322 524 411 572 castra
426 535 528 584 eorum,
542 522 574 572 ut
586 518 766 573 barbarorum
783 520 839 574 fert
853 536 964 574 consue-

108 596 184 663 tudo,
194 595 295 649 relictis
307 595 372 648 locis
385 595 568 663 superioribus
580 595 616 649 ad
629 596 703 665 ripas
715 596 833 650 fluminis
843 613 904 651 esse
916 596 963 651 de

108 673 205 737 missa3
222 674 251 724 at
264 671 413 725 Germanos
428 671 588 740 equitesque
604 671 823 740 imprudentibus
838 673 963 726 omnibus

109 747 144 801 de
156 747 301 816 improviso
313 746 454 800 advolasse
464 752 493 800 et
502 747 635 816 proelium
648 747 821 802 commisisse.
859 750 963 815 Quare

109 824 218 890 cognita
228 823 363 890 legionem
379 827 511 877 armatam
526 823 744 893 instructamque
760 818 881 881 adducit.
918 825 964 879 lta

109 903 223 968 repente
241 899 366 952 omuibus
383 916 417 952 ex
433 899 558 968 partibus
574 900 650 968 signo
666 899 732 954 dato
747 901 807 955 loca
822 902 963 971 superiora

109 975 261 1044 capiuntur.
297 975 376 1040 Quod
385 974 432 1028 ubi
445 975 553 1040 accidit,
564 975 693 1029 Germani
706 978 866 1046 equitesque
878 978 963 1046 signis

109 1051 223 1119 legionis
248 1050 314 1104 risis
340 1050 578 1104 vehementissimo
606 1052 792 1119 proeliantur:
819 1053 962 1107 confestim

110 1127 236 1180 cohortes
251 1126 373 1194 undique
387 1127 520 1195 impetum
538 1126 649 1193 faciunt,
666 1127 845 1197 omnibusque
861 1132 909 1183 aut
923 1131 963 1182 in-

110 1203 232 1257 terfectis
250 1205 298 1256 aut
316 1202 404 1269 captis
426 1217 524 1268 magna
540 1202 645 1270 praeda
662 1204 812 1271 potiuntur.
849 1204 963 1274 Capitur

110 1279 170 1348 ipse
182 1294 215 1332 co
226 1278 331 1347 proelio
345 1277 477 1345 Drappes.

163 1358 204 1411 37.
240 1353 368 1408 Caninius
389 1352 544 1407 felicissimo
565 1369 596 1407 re
615 1357 695 1422 gestu
715 1355 774 1408 sine
796 1355 853 1408 ullo
876 1373 962 1424 paene

110 1431 205 1485 militis
217 1429 329 1483 vulnere
341 1428 377 1482 ad
389 1427 555 1482 obsidendos
571 1429 720 1496 oppidanos
732 1431 900 1497 revertitur;
916 1449 962 1486 ex-

111 1510 246 1574 ternoque
264 1505 344 1559 hoste
356 1504 457 1571 deleto,
469 1504 547 1572 cujus
562 1505 661 1559 timore
673 1522 773 1572 augere
785 1508 921 1575 praesidia
933 1513 963 1564 et

111 1583 261 1635 munitione
275 1581 426 1650 oppidanos
441 1580 610 1635 circumdare
626 1581 781 1650 prohibitus
797 1586 865 1647 erat,
880 1599 963 1652 opera

111 1657 233 1726 undique
251 1658 368 1724 imperat
383 1656 577 1711 administrari.
613 1656 700 1711 Venit
713 1657 810 1711 eodem
828 1675 890 1711 cum
907 1660 963 1713 suis

19 1777 24 1785 .
111 1734 196 1802 copiis
214 1736 325 1801 postero
345 1732 390 1786 die
412 1732 441 1786 G.
461 1731 570 1801 Fabius,
587 1736 750 1802 partemque
768 1734 862 1802 oppidi
880 1736 963 1789 sumit

112 1809 148 1862 ad
159 1809 345 1862 obsidendum.

164 1891 205 1940 38,
241 1886 343 1938 Caesar
356 1883 467 1937 interim
480 1882 517 1936 M.
537 1884 689 1937 Antonium
708 1887 882 1952 quaestorem
900 1903 962 1941 cum

112 1960 270 2014 cohortibus
289 1974 326 2012 xv
351 1960 379 2012 in
398 1958 549 2012 Bellovacis
573 1958 712 2028 relinquit,
737 1977 772 2014 ne
796 1977 851 2028 qua
867 1979 963 2016 rursus

112 2053 243 2090 novorum
267 2035 441 2088 consiliorum
466 2033 503 2087 ad
527 2033 690 2102 capiendum
715 2035 818 2090 bellum
847 2037 963 2092 facultas

113 2113 242 2176 daretur;
267 2112 327 2179 ipse
351 2110 470 2178 reliquas
494 2109 620 2164 civitates
645 2110 712 2179 adit,
737 2112 846 2166 obsides
870 2114 963 2183 plures

113 2189 239 2256 imperat,
258 2188 387 2240 timentes
406 2187 526 2239 omnium
549 2187 651 2240 animes
669 2188 853 2243 consolatione
877 2194 963 2244 sanat.

115 2266 204 2330 Quum
216 2264 245 2317 in
258 2264 391 2318 Carnutes
403 2263 530 2332 venisset,
543 2263 802 2333 quorum[consilio]
813 2265 963 2320 incivitate

113 2341 252 2410 superiore
276 2338 470 2393 commentario
496 2339 596 2393 Caesar
614 2340 741 2408 exposuit
764 2340 874 2395 initium
898 2341 963 2395 belli

113 2433 174 2470 csse
194 2419 293 2480 ortum,
315 2415 391 2483 quod
410 2415 554 2483 praecipue
575 2431 621 2468 eos
639 2419 753 2484 propter
771 2417 963 2471 conscientium

114 2493 179 2545 sacti
191 2493 289 2545 timere
301 2491 420 2544 animum
433 2489 603 2555 advertebat,
619 2507 673 2558 quo
691 2491 806 2545 celerius
824 2491 963 2546 civitatem

114 2573 191 2621 metu
204 2568 339 2630 liberaret,
351 2566 502 2636 principem
515 2566 625 2619 sceleris
637 2567 709 2620 illius
724 2572 753 2620 ot
769 2567 963 2622 concitatorem

115 2643 180 2697 belli
201 2642 367 2695 Gutruatum
390 2640 426 2694 ad
448 2641 610 2711 supplicium
629 2642 767 2712 deposcit:
785 2643 839 2711 qui,
858 2645 910 2698 etsi
928 2661 963 2698 no

114 2719 218 2774 civibus
237 2715 347 2786 quidem
368 2717 424 2770 suis
447 2733 477 2787 se
501 2719 697 2787 committebat,
722 2722 813 2773 tamen
836 2719 964 2775 celeriter

114 2794 234 2848 onmium
249 2808 316 2846 cura
334 2794 473 2862 quaesitus
491 2795 518 2848 in
536 2797 627 2848 castra
644 2795 812 2865 perducitur.
850 2796 964 2865 Cogitur

115 2871 142 2923 in
156 2869 215 2937 ejus
227 2868 390 2937 supplicium
403 2868 503 2924 Cacsar
515 2875 612 2924 contra
624 2875 749 2925 naturam
759 2888 835 2925 suam
844 2873 963 2926 maximo

115 2945 233 3000 rnilitum
245 2960 384 3011 oomursu,
396 2945 442 3012 qui
461 2945 486 2998 ci
504 2946 596 3000 omnia
614 2945 739 3015 pericula
753 2951 788 2997 et
804 2947 992 2995 sesamam

116 3021 181 3075 belli
199 3021 228 3086 [a
248 3014 399 3092 Grrtruato]
413 3025 532 3094 accepta
547 3017 820 3082 relerebautadeu
832 3015 878 3060 uu
885 3006 996 3057 aarum

109 3097 172 3150 ibus
184 3097 375 3156 exanimatum
389 3117 496 3174 eorpus
507 3101 608 3157 securi
616 3097 779 3152 teriretur.
845 3155 853 3166 ι
941 3139 996 3180 w

152 3178 196 3231 39,
236 3175 283 3234 lbi
302 3179 420 3238 crebris
433 3180 557 3240 litteris
577 3173 705 3236 cassian
720 3167 764 3220 Iit
780 3158 902 3213 earum
923 3155 956 3199 <x
