2018 3396
106 128 137 180 76
366 118 395 168 (i.
412 116 459 167 JU
461 116 513 167 LII
528 116 702 167 CAESARIS

108 193 162 258 His
179 201 314 267 adductis,
333 198 362 252 in
385 199 418 252 iis
437 196 493 251 filio
511 198 724 267 propinquisque
745 197 804 265 ejus
828 198 961 262 omnibus,

107 297 177 349 quos
196 275 356 332 nominatim
380 278 546 342 evocaverat,
566 273 720 328 consolatus
740 272 965 332 induciomarum

107 354 287 422 hortatusque
303 354 346 405 est
362 350 404 403 uti
418 350 446 402 in
462 349 547 403 officio
562 351 749 418 permaneret:
767 348 852 401 nihilo
868 354 962 413 tamen

108 431 195 484 secius
206 426 374 498 principibus
386 426 557 478 Trevirorum
574 423 610 477 ad
625 441 654 478 se
670 426 830 490 convocatis,
841 426 892 479 hos
907 427 962 482 sin-

107 505 222 573 gillatim
235 501 402 570 Cingetorigi
416 500 584 555 conciliavit:
605 501 679 569 quod
691 518 774 569 quum
786 504 884 556 merito
900 503 963 572 ejus

36 613 42 624 ·
108 580 143 633 ab
155 596 185 633 se
197 578 256 632 lieri
268 577 447 644 intelligebat,
461 581 518 630 tum
531 578 622 644 magni
632 578 766 631 interesse
775 577 964 632 arbitrabatur

109 655 169 723 ojus
192 654 382 707 alletoritatem
407 653 478 705 inter
506 668 567 705 suos
594 671 676 722 quam
698 653 844 722 plurimum
862 655 962 723 valere,

108 731 186 798 cujus
200 733 257 782 tam
272 729 408 794 egregiam
424 728 451 780 in
467 726 496 781 sd
514 729 682 783 voluntatem
696 731 889 799 perspexisset.
926 732 962 785 ld

110 807 210 859 frictum
222 804 342 872 graviter
354 803 419 855 tulit
435 803 641 859 induciomarus
661 822 737 858 suam
754 807 871 872 gratiam
888 807 963 860 inter

110 897 172 934 suos
184 880 284 944 minui;
296 883 325 932 et
337 878 384 946 qui
393 878 452 946 jam
465 883 529 932 ante
541 881 648 934 inimico
660 882 687 934 in
700 898 749 934 nos
759 881 961 949 animosnisset,
978 929 981 934 .

109 956 195 1009 multo
207 955 316 1023 gnavius
327 954 378 1008 lroc
391 955 484 1008 dolore
493 955 604 1009 exarsit.

35 1034 43 1052 Γ
95 1031 110 1064 ⁷
162 1038 186 1084 5.
222 1031 274 1083 His
291 1030 374 1083 rebus
393 1031 548 1084 constitutis
566 1031 665 1085 Caesar
682 1031 718 1084 ad
741 1037 859 1099 portum
876 1033 962 1086 Itium

111 1106 171 1159 ciiru
186 1105 336 1172 legionibus
355 1107 486 1173 pervenit.
524 1106 568 1159 Ibi
585 1107 723 1174 cognoscit
739 1122 776 1160 nx
792 1123 874 1160 naves
891 1125 963 1176 quae

111 1183 138 1235 in
148 1181 247 1235 Meldis
255 1180 342 1234 factae
350 1185 428 1235 eraut
439 1185 604 1249 tempestato
616 1181 734 1249 rejectas
746 1200 853 1253 cursum
865 1186 963 1236 tenere

111 1275 163 1311 non
177 1257 297 1326 potuisse
313 1261 396 1325 atquo
412 1257 509 1310 eodem
525 1258 598 1311 unde
617 1263 696 1312 erant
713 1260 851 1328 profectae
870 1277 961 1313 rever-

111 1335 190 1388 tisse:
214 1333 332 1400 reliquas
352 1336 462 1400 paratas
481 1333 517 1386 ad
536 1333 718 1401 navigandum
737 1339 820 1402 atquo
836 1335 963 1390 omnibus

111 1410 194 1463 rebus
209 1408 355 1461 instructas
371 1409 480 1462 invonit.
519 1409 628 1467 Eodem,
641 1410 779 1477 equitatus
797 1411 881 1464 totius
900 1411 964 1464 Gal-

111 1485 163 1538 liae
180 1484 305 1538 convenit
322 1500 434 1536 nmnero
450 1484 554 1536 milium
571 1499 600 1536 1v
624 1485 810 1553 principesque
827 1502 861 1539 ex
879 1488 964 1540 omni-

111 1560 163 1613 bus
174 1558 340 1614 civitatibus:
353 1576 387 1612 ex
400 1559 498 1627 quibus
510 1576 666 1628 perpaucos,
680 1577 794 1628 quorum
802 1562 831 1614 in
841 1579 870 1615 se
879 1563 963 1616 fidem

111 1638 297 1704 perspexerat,
310 1634 464 1702 relinquere
475 1635 502 1687 in
520 1635 614 1699 Gallia,
627 1635 746 1702 reliquos
761 1636 888 1690 obsidum
903 1639 963 1692 loco

112 1729 202 1765 seeum
229 1710 328 1763 ducere
353 1709 520 1775 decreverat,
549 1709 631 1778 quod.
655 1726 739 1778 quum
763 1711 821 1779 ipse
844 1713 964 1781 abesset,

113 1791 216 1840 motum
230 1786 333 1839 Galliae
345 1786 500 1839 verebatur.

37 1894 41 1931 ρ
63 1887 97 1937 ‚a
163 1869 186 1916 6.
224 1861 290 1914 Erat
300 1877 355 1914 una
367 1878 427 1914 cum
439 1862 537 1914 ceteris
549 1860 700 1913 Dumnorix
717 1861 838 1928 Aeduus,
856 1863 891 1915 de
908 1880 963 1931 quo

53 1968 64 2006 2
85 1930 175 2005 ,santo
195 1937 230 1989 alr
251 1936 328 1989 nobis
344 1935 509 1989 dictumest.
546 1935 627 1988 l-luuc
644 1952 735 1989 seeum
751 1936 853 1991 habere
868 1937 895 1989 in
911 1939 963 2007 pri-

111 2013 162 2065 mis
183 2012 369 2077 constituerat,
390 2011 544 2078 quodcum
564 2010 692 2079 cupidum
713 2028 805 2064 rerum
825 2029 963 2078 novarum,

111 2087 239 2155 cupidum
264 2086 378 2154 imperii,
404 2086 494 2152 magni
517 2086 607 2151 animi,
632 2103 746 2154 magnae
769 2087 841 2141 inter
870 2088 963 2141 Gallos

112 2161 281 2216 auctoritatis
304 2165 473 2228 cognoverat.
512 2161 671 2214 Accedebat
693 2162 753 2229 huc,
768 2162 842 2233 quod
854 2163 882 2215 in
902 2180 964 2216 con-

111 2238 171 2292 cilio
200 2237 360 2290 Aeduorum
392 2237 543 2289 Dumnorix
574 2237 682 2291 dixerat
714 2236 763 2290 sibi
797 2255 814 2291 a
847 2239 964 2292 Caesare

112 2329 224 2381 regnum
249 2312 365 2364 civitatis
383 2310 498 2375 deferri;
516 2312 590 2378 quod
610 2312 713 2365 dictum
735 2313 826 2366 Aedui
845 2315 964 2381 graviter

111 2389 243 2454 ferebant,
256 2403 345 2455 noque
357 2387 499 2439 recusandi
511 2391 560 2440 aut
578 2387 740 2455 deprecandi
761 2405 842 2442 causa
859 2389 964 2443 levatos

111 2467 145 2518 ad
162 2465 305 2519 Caesarem
317 2463 428 2515 mittere
440 2461 587 2516 audebant.
626 2462 660 2515 Id
672 2463 773 2516 factum
786 2480 821 2517 ex
833 2432 965 2518 suisffiios

112 2541 213 2610 pitibus
238 2540 337 2594 Cacsar
356 2542 525 2606 cognoverat.
565 2538 617 2592 Ille
634 2538 757 2591 omnibus
773 2540 861 2607 primo
879 2541 965 2608 preci-

112 2617 163 2670 bus
175 2620 270 2685 pctere
292 2614 432 2668 contendit
447 2618 479 2667 ut
494 2614 522 2666 iu
538 2613 626 2667 Gallia
641 2614 848 2683 relinqueretur,
864 2615 964 2682 partim

112 2694 185 2760 quod
198 2693 320 2746 insuetus
332 2691 475 2757 navigandi
488 2708 564 2745 mare
576 2691 694 2758 timeret,
703 2691 803 2758 partini
816 2690 890 2758 quod
902 2691 965 2744 reli-

111 2767 233 2834 gionibus
245 2768 371 2837 impediri
380 2783 439 2820 sese
452 2767 562 2822 diceret.
599 2768 785 2834 Posteaquam,
790 2767 818 2819 id
829 2767 965 2821 obstinate

112 2843 163 2895 sibi
171 2843 264 2910 negari
278 2844 353 2911 vidit,
362 2844 434 2898 omni
447 2862 494 2914 spe
506 2844 670 2913 impetrandi
683 2845 820 2912 adempta,
830 2842 965 2911 principes

113 2918 216 2972 Galliae
240 2920 391 2986 sollicitare,
411 2937 536 2975 sevocare
555 2921 674 2987 singulos
698 2919 857 2987 hortarique
877 2918 966 2985 coepit

112 2995 151 3047 uti
171 2995 198 3047 in
219 2995 368 3050 continenti
385 2999 572 3055 remanerent:
592 3000 669 3049 metu
688 2996 824 3061 territare,
837 3011 890 3047 non
908 2993 965 3047 sine

112 3087 194 3124 causa
208 3072 265 3124 fieri
277 3076 309 3126 ut
322 3073 409 3126 Gallia
421 3073 492 3125 omni
505 3072 646 3125 nobilitate
665 3073 841 3140 spoliaretur:
860 3069 889 3122 id
905 3085 965 3122 esse

104 3146 255 3199 consilium
273 3147 447 3212 Caesariani
464 3163 532 3215 quos
548 3147 576 3199 in
594 3151 741 3217 conspectu
761 3147 864 3202 Galliae
881 3145 965 3198 inter-
