<?xml version="1.0" encoding="UTF-8"?>
<!DOCTYPE html PUBLIC "-//W3C//DTD XHTML 1.0 Transitional//EN"
    "http://www.w3.org/TR/xhtml1/DTD/xhtml1-transitional.dtd">
<html xmlns="http://www.w3.org/1999/xhtml" xml:lang="en" lang="en">
 <head>
  <title>
</title>
<meta http-equiv="Content-Type" content="text/html;charset=utf-8" />
  <meta name='ocr-system' content='tesseract 3.04.00' />
  <meta name='ocr-capabilities' content='ocr_page ocr_carea ocr_par ocr_line ocrx_word'/>
</head>
<body>
  <div class='ocr_page' id='page_1' title='image "./cjuliicaesarisc00caesgoog_0058.png"; bbox 0 0 2018 3396; ppageno 0'>
   <div class='ocr_carea' id='block_1_1' title="bbox 377 299 684 358">
    <p class='ocr_par' dir='ltr' id='par_1_1' title="bbox 377 299 684 358">
     <span class='ocr_line' id='line_1_1' title="bbox 377 299 684 358; baseline -0.01 -1"><span class='ocrx_word' id='word_1_1' title='bbox 377 301 493 358; x_wconf 79' lang='lat' dir='ltr'>LIBER</span> <span class='ocrx_word' id='word_1_2' title='bbox 516 299 684 355; x_wconf 78' lang='lat' dir='ltr'>TERTIUS.</span> 
     </span>
    </p>
   </div>
   <div class='ocr_carea' id='block_1_2' title="bbox 482 474 581 502">
    <p class='ocr_par' dir='ltr' id='par_1_2' title="bbox 482 474 581 502">
     <span class='ocr_line' id='line_1_2' title="bbox 482 474 581 502; baseline 0 0"><span class='ocrx_word' id='word_1_3' title='bbox 482 474 581 502; x_wconf 64' lang='lat'>-4--</span> 
     </span>
    </p>
   </div>
   <div class='ocr_carea' id='block_1_3' title="bbox 30 609 1000 3195">
    <p class='ocr_par' dir='ltr' id='par_1_3' title="bbox 96 609 1000 1436">
     <span class='ocr_line' id='line_1_3' title="bbox 105 609 958 680; baseline -0.001 -13"><span class='ocrx_word' id='word_1_4' title='bbox 105 612 194 676; x_wconf 73' lang='lat' dir='ltr'>Quum</span> <span class='ocrx_word' id='word_1_5' title='bbox 205 610 234 664; x_wconf 91' lang='lat' dir='ltr'>in</span> <span class='ocrx_word' id='word_1_6' title='bbox 246 609 356 665; x_wconf 87' lang='lat' dir='ltr'>Italiam</span> <span class='ocrx_word' id='word_1_7' title='bbox 365 610 582 678; x_wconf 88' lang='lat' dir='ltr'>proficisceretur</span> <span class='ocrx_word' id='word_1_8' title='bbox 592 611 699 680; x_wconf 83' lang='lat' dir='ltr'>Caesar,</span> <span class='ocrx_word' id='word_1_9' title='bbox 709 610 833 666; x_wconf 80' lang='lat' dir='ltr'>Servium</span> <span class='ocrx_word' id='word_1_10' title='bbox 843 613 958 668; x_wconf 83' lang='lat' dir='ltr'>Galbam</span> 
     </span>
     <span class='ocr_line' id='line_1_4' title="bbox 104 685 959 754; baseline 0.002 -14"><span class='ocrx_word' id='word_1_11' title='bbox 104 704 166 740; x_wconf 89' lang='lat' dir='ltr'>cum</span> <span class='ocrx_word' id='word_1_12' title='bbox 178 685 286 754; x_wconf 81' lang='lat' dir='ltr'>legione</span> <span class='ocrx_word' id='word_1_13' title='bbox 299 685 460 740; x_wconf 88' lang='lat' dir='ltr'>duodecima</span> <span class='ocrx_word' id='word_1_14' title='bbox 472 689 591 754; x_wconf 84' lang='lat' dir='ltr'>otperto</span> <span class='ocrx_word' id='word_1_15' title='bbox 604 687 744 754; x_wconf 81' lang='lat' dir='ltr'>equitatus</span> <span class='ocrx_word' id='word_1_16' title='bbox 758 689 787 741; x_wconf 90' lang='lat' dir='ltr'>in</span> <span class='ocrx_word' id='word_1_17' title='bbox 804 689 959 742; x_wconf 81' lang='lat' dir='ltr'>Nantuates</span> 
     </span>
     <span class='ocr_line' id='line_1_5' title="bbox 106 757 959 832; baseline 0.004 -18"><span class='ocrx_word' id='word_1_18' title='bbox 106 763 245 829; x_wconf 79' lang='lat' dir='ltr'><strong>Veragros</strong></span> <span class='ocrx_word' id='word_1_19' title='bbox 258 757 437 828; x_wconf 82' lang='lat' dir='ltr'>Sedunosque</span> <span class='ocrx_word' id='word_1_20' title='bbox 448 761 531 829; x_wconf 89' lang='lat' dir='ltr'>misit,</span> <span class='ocrx_word' id='word_1_21' title='bbox 544 762 591 830; x_wconf 90' lang='lat' dir='ltr'>qui</span> <span class='ocrx_word' id='word_1_22' title='bbox 609 761 644 815; x_wconf 90' lang='lat' dir='ltr'>ab</span> <span class='ocrx_word' id='word_1_23' title='bbox 660 763 760 817; x_wconf 88' lang='lat' dir='ltr'>finibus</span> <span class='ocrx_word' id='word_1_24' title='bbox 778 764 959 832; x_wconf 80' lang='lat' dir='ltr'>Allobrogum</span> 
     </span>
     <span class='ocr_line' id='line_1_6' title="bbox 105 837 958 909; baseline 0.002 -19"><span class='ocrx_word' id='word_1_25' title='bbox 105 843 134 891; x_wconf 89' lang='lat' dir='ltr'>et</span> <span class='ocrx_word' id='word_1_26' title='bbox 144 837 207 890; x_wconf 85' lang='lat' dir='ltr'>lacu</span> <span class='ocrx_word' id='word_1_27' title='bbox 218 837 357 890; x_wconf 85' lang='lat' dir='ltr'>Lemanno</span> <span class='ocrx_word' id='word_1_28' title='bbox 369 841 398 890; x_wconf 91' lang='lat' dir='ltr'>et</span> <span class='ocrx_word' id='word_1_29' title='bbox 410 837 521 891; x_wconf 89' lang='lat' dir='ltr'>flumine</span> <span class='ocrx_word' id='word_1_30' title='bbox 534 837 667 891; x_wconf 80' lang='lat' dir='ltr'>Rhodano</span> <span class='ocrx_word' id='word_1_31' title='bbox 681 838 718 892; x_wconf 87' lang='lat' dir='ltr'>ad</span> <span class='ocrx_word' id='word_1_32' title='bbox 734 856 854 893; x_wconf 86' lang='lat' dir='ltr'>summas</span> <span class='ocrx_word' id='word_1_33' title='bbox 871 841 958 909; x_wconf 81' lang='lat' dir='ltr'>Alpes</span> 
     </span>
     <span class='ocr_line' id='line_1_7' title="bbox 103 912 959 983; baseline 0.006 -17"><span class='ocrx_word' id='word_1_34' title='bbox 103 913 252 982; x_wconf 85' lang='lat' dir='ltr'>pertinent.</span> <span class='ocrx_word' id='word_1_35' title='bbox 289 912 378 966; x_wconf 86' lang='lat' dir='ltr'>Causa</span> <span class='ocrx_word' id='word_1_36' title='bbox 389 913 517 966; x_wconf 89' lang='lat' dir='ltr'>mittendi</span> <span class='ocrx_word' id='word_1_37' title='bbox 531 912 584 966; x_wconf 89' lang='lat' dir='ltr'>fuit</span> <span class='ocrx_word' id='word_1_38' title='bbox 594 913 668 981; x_wconf 92' lang='lat' dir='ltr'>quod</span> <span class='ocrx_word' id='word_1_39' title='bbox 677 913 789 981; x_wconf 88' lang='lat' dir='ltr'>iterper</span> <span class='ocrx_word' id='word_1_40' title='bbox 799 915 893 983; x_wconf 84' lang='lat' dir='ltr'>Alpes,</span> <span class='ocrx_word' id='word_1_41' title='bbox 903 931 959 983; x_wconf 83' lang='lat' dir='ltr'>que</span> 
     </span>
     <span class='ocr_line' id='line_1_8' title="bbox 104 987 959 1058; baseline 0.004 -17"><span class='ocrx_word' id='word_1_42' title='bbox 104 1003 203 1056; x_wconf 86' lang='lat' dir='ltr'>magno</span> <span class='ocrx_word' id='word_1_43' title='bbox 226 1004 288 1041; x_wconf 84' lang='lat' dir='ltr'>cunr</span> <span class='ocrx_word' id='word_1_44' title='bbox 306 987 428 1055; x_wconf 86' lang='lat' dir='ltr'>periculo</span> <span class='ocrx_word' id='word_1_45' title='bbox 449 988 609 1057; x_wconf 83' lang='lat' dir='ltr'>magnisque</span> <span class='ocrx_word' id='word_1_46' title='bbox 628 1005 690 1042; x_wconf 91' lang='lat' dir='ltr'>cum</span> <span class='ocrx_word' id='word_1_47' title='bbox 709 990 838 1058; x_wconf 83' lang='lat' dir='ltr'>portoriis</span> <span class='ocrx_word' id='word_1_48' title='bbox 856 1007 959 1044; x_wconf 85' lang='lat' dir='ltr'>meros-</span> 
     </span>
     <span class='ocr_line' id='line_1_9' title="bbox 104 1063 958 1134; baseline 0.002 -16"><span class='ocrx_word' id='word_1_49' title='bbox 104 1068 179 1118; x_wconf 85' lang='lat' dir='ltr'>tores</span> <span class='ocrx_word' id='word_1_50' title='bbox 198 1064 239 1118; x_wconf 89' lang='lat' dir='ltr'>ire</span> <span class='ocrx_word' id='word_1_51' title='bbox 253 1067 421 1129; x_wconf 89' lang='lat' dir='ltr'>consuerant,</span> <span class='ocrx_word' id='word_1_52' title='bbox 437 1063 562 1131; x_wconf 86' lang='lat' dir='ltr'>patefieri</span> <span class='ocrx_word' id='word_1_53' title='bbox 578 1064 696 1118; x_wconf 80' lang='lat' dir='ltr'>volebat.</span> <span class='ocrx_word' id='word_1_54' title='bbox 734 1066 807 1120; x_wconf 87' lang='lat' dir='ltr'>Huic</span> <span class='ocrx_word' id='word_1_55' title='bbox 824 1067 958 1134; x_wconf 77' lang='lat' dir='ltr'>permisit,</span> 
     </span>
     <span class='ocr_line' id='line_1_10' title="bbox 105 1137 958 1208; baseline 0.002 -16"><span class='ocrx_word' id='word_1_56' title='bbox 105 1139 129 1192; x_wconf 91' lang='lat' dir='ltr'>si</span> <span class='ocrx_word' id='word_1_57' title='bbox 144 1155 212 1208; x_wconf 91' lang='lat' dir='ltr'>opus</span> <span class='ocrx_word' id='word_1_58' title='bbox 228 1155 288 1195; x_wconf 86' lang='lat' dir='ltr'>esse</span> <span class='ocrx_word' id='word_1_59' title='bbox 304 1137 495 1208; x_wconf 81' lang='lat' dir='ltr'>arbitraretur,</span> <span class='ocrx_word' id='word_1_60' title='bbox 506 1140 548 1193; x_wconf 90' lang='lat' dir='ltr'>uti</span> <span class='ocrx_word' id='word_1_61' title='bbox 564 1140 593 1192; x_wconf 90' lang='lat' dir='ltr'>in</span> <span class='ocrx_word' id='word_1_62' title='bbox 608 1139 651 1192; x_wconf 91' lang='lat' dir='ltr'>his</span> <span class='ocrx_word' id='word_1_63' title='bbox 667 1140 732 1193; x_wconf 90' lang='lat' dir='ltr'>locis</span> <span class='ocrx_word' id='word_1_64' title='bbox 748 1140 882 1208; x_wconf 80' lang='lat' dir='ltr'>legionem</span> <span class='ocrx_word' id='word_1_65' title='bbox 901 1141 958 1194; x_wconf 76' lang='lat' dir='ltr'>hie</span> 
     </span>
     <span class='ocr_line' id='line_1_11' title="bbox 104 1212 1000 1284; baseline 0 -15"><span class='ocrx_word' id='word_1_66' title='bbox 104 1216 198 1269; x_wconf 84' lang='lat' dir='ltr'>mandi</span> <span class='ocrx_word' id='word_1_67' title='bbox 210 1231 292 1270; x_wconf 82' lang='lat' dir='ltr'>eausa</span> <span class='ocrx_word' id='word_1_68' title='bbox 303 1215 454 1273; x_wconf 86' lang='lat' dir='ltr'>collocaret.</span> <span class='ocrx_word' id='word_1_69' title='bbox 494 1215 581 1269; x_wconf 82' lang='lat' dir='ltr'>Galba</span> <span class='ocrx_word' id='word_1_70' title='bbox 593 1216 719 1269; x_wconf 88' lang='lat' dir='ltr'>secundis</span> <span class='ocrx_word' id='word_1_71' title='bbox 732 1217 836 1284; x_wconf 88' lang='lat' dir='ltr'>aliquot</span> <span class='ocrx_word' id='word_1_72' title='bbox 847 1217 959 1284; x_wconf 88' lang='lat' dir='ltr'>proeliis</span> <span class='ocrx_word' id='word_1_73' title='bbox 981 1212 1000 1231; x_wconf 77' lang='lat'>‘&#39;</span> 
     </span>
     <span class='ocr_line' id='line_1_12' title="bbox 96 1280 959 1361; baseline 0.001 -16"><span class='ocrx_word' id='word_1_74' title='bbox 96 1280 185 1346; x_wconf 62' lang='lat' dir='ltr'>iactis</span> <span class='ocrx_word' id='word_1_75' title='bbox 196 1291 370 1359; x_wconf 81' lang='lat' dir='ltr'>castellisque</span> <span class='ocrx_word' id='word_1_76' title='bbox 382 1291 566 1361; x_wconf 91' lang='lat' dir='ltr'>compluribus</span> <span class='ocrx_word' id='word_1_77' title='bbox 580 1308 673 1345; x_wconf 90' lang='lat' dir='ltr'>eorum</span> <span class='ocrx_word' id='word_1_78' title='bbox 687 1293 856 1360; x_wconf 83' lang='lat' dir='ltr'>expugnatis,</span> <span class='ocrx_word' id='word_1_79' title='bbox 868 1293 959 1347; x_wconf 87' lang='lat' dir='ltr'>missis</span> 
     </span>
     <span class='ocr_line' id='line_1_13' title="bbox 104 1368 958 1436; baseline 0 -14"><span class='ocrx_word' id='word_1_80' title='bbox 104 1368 141 1422; x_wconf 89' lang='lat' dir='ltr'>ad</span> <span class='ocrx_word' id='word_1_81' title='bbox 153 1384 216 1422; x_wconf 90' lang='lat' dir='ltr'>eum</span> <span class='ocrx_word' id='word_1_82' title='bbox 228 1368 349 1435; x_wconf 90' lang='lat' dir='ltr'>undique</span> <span class='ocrx_word' id='word_1_83' title='bbox 361 1368 460 1434; x_wconf 90' lang='lat' dir='ltr'>legatis</span> <span class='ocrx_word' id='word_1_84' title='bbox 472 1368 668 1435; x_wconf 87' lang='lat' dir='ltr'>obsidibusque</span> <span class='ocrx_word' id='word_1_85' title='bbox 681 1368 754 1420; x_wconf 88' lang='lat' dir='ltr'>datis</span> <span class='ocrx_word' id='word_1_86' title='bbox 763 1371 792 1422; x_wconf 90' lang='lat' dir='ltr'>et</span> <span class='ocrx_word' id='word_1_87' title='bbox 801 1384 867 1436; x_wconf 90' lang='lat' dir='ltr'>pace</span> <span class='ocrx_word' id='word_1_88' title='bbox 876 1369 958 1435; x_wconf 86' lang='lat' dir='ltr'>faeta,</span> 
     </span>
    </p>

    <p class='ocr_par' dir='ltr' id='par_1_4' title="bbox 30 1444 993 2044">
     <span class='ocr_line' id='line_1_14' title="bbox 30 1444 959 1513; baseline 0 -15"><span class='ocrx_word' id='word_1_89' title='bbox 30 1462 41 1483; x_wconf 91' lang='lat'><strong>·</strong></span> <span class='ocrx_word' id='word_1_90' title='bbox 104 1444 248 1498; x_wconf 89' lang='lat' dir='ltr'>constituit</span> <span class='ocrx_word' id='word_1_91' title='bbox 259 1444 384 1498; x_wconf 87' lang='lat' dir='ltr'>cohortes</span> <span class='ocrx_word' id='word_1_92' title='bbox 397 1444 465 1498; x_wconf 89' lang='lat' dir='ltr'>duas</span> <span class='ocrx_word' id='word_1_93' title='bbox 477 1445 505 1497; x_wconf 92' lang='lat' dir='ltr'>in</span> <span class='ocrx_word' id='word_1_94' title='bbox 517 1444 703 1498; x_wconf 84' lang='lat' dir='ltr'>Nantuatibus</span> <span class='ocrx_word' id='word_1_95' title='bbox 715 1444 846 1498; x_wconf 88' lang='lat' dir='ltr'>collocare</span> <span class='ocrx_word' id='word_1_96' title='bbox 858 1445 959 1513; x_wconf 85' lang='lat' dir='ltr'>etipse</span> 
     </span>
     <span class='ocr_line' id='line_1_15' title="bbox 104 1519 959 1589; baseline 0 -15"><span class='ocrx_word' id='word_1_97' title='bbox 104 1536 166 1574; x_wconf 90' lang='lat' dir='ltr'>cum</span> <span class='ocrx_word' id='word_1_98' title='bbox 182 1519 294 1587; x_wconf 88' lang='lat' dir='ltr'>reliquis</span> <span class='ocrx_word' id='word_1_99' title='bbox 311 1519 371 1587; x_wconf 88' lang='lat' dir='ltr'>ejus</span> <span class='ocrx_word' id='word_1_100' title='bbox 388 1520 501 1587; x_wconf 83' lang='lat' dir='ltr'>legionis</span> <span class='ocrx_word' id='word_1_101' title='bbox 521 1519 679 1573; x_wconf 84' lang='lat' dir='ltr'>cohortibus</span> <span class='ocrx_word' id='word_1_102' title='bbox 698 1520 726 1572; x_wconf 92' lang='lat' dir='ltr'>in</span> <span class='ocrx_word' id='word_1_103' title='bbox 745 1521 805 1574; x_wconf 82' lang='lat' dir='ltr'>vico</span> <span class='ocrx_word' id='word_1_104' title='bbox 824 1521 959 1589; x_wconf 88' lang='lat' dir='ltr'>Veragro-</span> 
     </span>
     <span class='ocr_line' id='line_1_16' title="bbox 103 1590 958 1666; baseline -0.001 -16"><span class='ocrx_word' id='word_1_105' title='bbox 103 1613 174 1664; x_wconf 86' lang='lat' dir='ltr'>rum,</span> <span class='ocrx_word' id='word_1_106' title='bbox 186 1597 233 1664; x_wconf 93' lang='lat' dir='ltr'>qui</span> <span class='ocrx_word' id='word_1_107' title='bbox 244 1595 398 1663; x_wconf 74' lang='lat' dir='ltr'>appellatur</span> <span class='ocrx_word' id='word_1_108' title='bbox 410 1590 573 1662; x_wconf 82' lang='lat' dir='ltr'>(lctodurds,</span> <span class='ocrx_word' id='word_1_109' title='bbox 585 1596 706 1649; x_wconf 87' lang='lat' dir='ltr'>hiemare</span> <span class='ocrx_word' id='word_1_110' title='bbox 717 1617 723 1661; x_wconf 89' lang='lat'><strong>;</strong></span> <span class='ocrx_word' id='word_1_111' title='bbox 741 1596 788 1664; x_wconf 93' lang='lat' dir='ltr'>qui</span> <span class='ocrx_word' id='word_1_112' title='bbox 800 1596 874 1650; x_wconf 82' lang='lat' dir='ltr'>vicus</span> <span class='ocrx_word' id='word_1_113' title='bbox 886 1597 958 1666; x_wconf 90' lang='lat' dir='ltr'>posi-</span> 
     </span>
     <span class='ocr_line' id='line_1_17' title="bbox 104 1671 993 1740; baseline 0.002 -15"><span class='ocrx_word' id='word_1_114' title='bbox 104 1674 151 1726; x_wconf 91' lang='lat' dir='ltr'>tus</span> <span class='ocrx_word' id='word_1_115' title='bbox 162 1672 190 1724; x_wconf 91' lang='lat' dir='ltr'>in</span> <span class='ocrx_word' id='word_1_116' title='bbox 202 1672 271 1725; x_wconf 86' lang='lat' dir='ltr'>valle</span> <span class='ocrx_word' id='word_1_117' title='bbox 283 1688 337 1724; x_wconf 89' lang='lat' dir='ltr'>non</span> <span class='ocrx_word' id='word_1_118' title='bbox 349 1687 448 1738; x_wconf 87' lang='lat' dir='ltr'>magua</span> <span class='ocrx_word' id='word_1_119' title='bbox 459 1671 570 1739; x_wconf 86' lang='lat' dir='ltr'>adjecta</span> <span class='ocrx_word' id='word_1_120' title='bbox 582 1672 696 1740; x_wconf 85' lang='lat' dir='ltr'>planitie</span> <span class='ocrx_word' id='word_1_121' title='bbox 709 1672 848 1726; x_wconf 85' lang='lat' dir='ltr'>altissimis</span> <span class='ocrx_word' id='word_1_122' title='bbox 860 1673 958 1726; x_wconf 92' lang='lat' dir='ltr'>monti·</span> <span class='ocrx_word' id='word_1_123' title='bbox 988 1718 993 1728; x_wconf 93' lang='lat'><strong>.</strong></span> 
     </span>
     <span class='ocr_line' id='line_1_18' title="bbox 104 1746 958 1817; baseline 0.001 -18"><span class='ocrx_word' id='word_1_124' title='bbox 104 1746 155 1801; x_wconf 89' lang='lat' dir='ltr'>bus</span> <span class='ocrx_word' id='word_1_125' title='bbox 167 1747 289 1814; x_wconf 89' lang='lat' dir='ltr'>undique</span> <span class='ocrx_word' id='word_1_126' title='bbox 301 1747 466 1801; x_wconf 90' lang='lat' dir='ltr'>continetur.</span> <span class='ocrx_word' id='word_1_127' title='bbox 503 1748 592 1811; x_wconf 79' lang='lat' dir='ltr'>Quum</span> <span class='ocrx_word' id='word_1_128' title='bbox 605 1748 649 1802; x_wconf 93' lang='lat' dir='ltr'>hic</span> <span class='ocrx_word' id='word_1_129' title='bbox 667 1749 695 1801; x_wconf 94' lang='lat' dir='ltr'>in</span> <span class='ocrx_word' id='word_1_130' title='bbox 715 1749 783 1801; x_wconf 85' lang='lat' dir='ltr'>duas</span> <span class='ocrx_word' id='word_1_131' title='bbox 799 1753 892 1817; x_wconf 86' lang='lat' dir='ltr'>partes</span> <span class='ocrx_word' id='word_1_132' title='bbox 908 1749 958 1801; x_wconf 87' lang='lat' dir='ltr'>flu-</span> 
     </span>
     <span class='ocr_line' id='line_1_19' title="bbox 103 1823 958 1892; baseline -0.001 -15"><span class='ocrx_word' id='word_1_133' title='bbox 103 1823 178 1877; x_wconf 91' lang='lat' dir='ltr'>mine</span> <span class='ocrx_word' id='word_1_134' title='bbox 201 1823 379 1889; x_wconf 86' lang='lat' dir='ltr'>divideretur,</span> <span class='ocrx_word' id='word_1_135' title='bbox 400 1823 514 1877; x_wconf 88' lang='lat' dir='ltr'>alteram</span> <span class='ocrx_word' id='word_1_136' title='bbox 536 1826 645 1892; x_wconf 88' lang='lat' dir='ltr'>partem</span> <span class='ocrx_word' id='word_1_137' title='bbox 664 1823 724 1891; x_wconf 90' lang='lat' dir='ltr'>ejus</span> <span class='ocrx_word' id='word_1_138' title='bbox 743 1825 795 1878; x_wconf 90' lang='lat' dir='ltr'>vici</span> <span class='ocrx_word' id='word_1_139' title='bbox 816 1824 900 1878; x_wconf 88' lang='lat' dir='ltr'>Gallis</span> <span class='ocrx_word' id='word_1_140' title='bbox 921 1824 958 1876; x_wconf 89' lang='lat' dir='ltr'>ad</span> 
     </span>
     <span class='ocr_line' id='line_1_20' title="bbox 104 1899 957 1963; baseline 0.001 -10"><span class='ocrx_word' id='word_1_141' title='bbox 104 1900 279 1954; x_wconf 87' lang='lat' dir='ltr'>hiemandum</span> <span class='ocrx_word' id='word_1_142' title='bbox 294 1901 434 1963; x_wconf 89' lang='lat' dir='ltr'>concessit,</span> <span class='ocrx_word' id='word_1_143' title='bbox 450 1899 565 1952; x_wconf 88' lang='lat' dir='ltr'>alteram</span> <span class='ocrx_word' id='word_1_144' title='bbox 582 1916 694 1954; x_wconf 85' lang='lat' dir='ltr'>vacuam</span> <span class='ocrx_word' id='word_1_145' title='bbox 711 1900 745 1953; x_wconf 91' lang='lat' dir='ltr'>ab</span> <span class='ocrx_word' id='word_1_146' title='bbox 763 1900 816 1952; x_wconf 90' lang='lat' dir='ltr'>illis</span> <span class='ocrx_word' id='word_1_147' title='bbox 833 1901 957 1954; x_wconf 87' lang='lat' dir='ltr'>relictam</span> 
     </span>
     <span class='ocr_line' id='line_1_21' title="bbox 104 1975 956 2044; baseline 0 -14"><span class='ocrx_word' id='word_1_148' title='bbox 104 1976 262 2030; x_wconf 85' lang='lat' dir='ltr'>cohortibus</span> <span class='ocrx_word' id='word_1_149' title='bbox 274 1975 409 2030; x_wconf 89' lang='lat' dir='ltr'>attribuit.</span> <span class='ocrx_word' id='word_1_150' title='bbox 429 1976 499 2028; x_wconf 85' lang='lat' dir='ltr'>Eum</span> <span class='ocrx_word' id='word_1_151' title='bbox 511 1975 599 2028; x_wconf 91' lang='lat' dir='ltr'>locum</span> <span class='ocrx_word' id='word_1_152' title='bbox 611 1976 682 2029; x_wconf 81' lang='lat' dir='ltr'>vallo</span> <span class='ocrx_word' id='word_1_153' title='bbox 691 1975 819 2044; x_wconf 85' lang='lat' dir='ltr'>fossaque</span> <span class='ocrx_word' id='word_1_154' title='bbox 831 1977 956 2030; x_wconf 81' lang='lat' dir='ltr'>munivit.</span> 
     </span>
    </p>

    <p class='ocr_par' dir='ltr' id='par_1_5' title="bbox 90 2050 1000 3130">
     <span class='ocr_line' id='line_1_22' title="bbox 156 2050 956 2120; baseline 0 -15"><span class='ocrx_word' id='word_1_155' title='bbox 156 2058 180 2105; x_wconf 81' lang='lat'>2.</span> <span class='ocrx_word' id='word_1_156' title='bbox 217 2052 306 2116; x_wconf 85' lang='lat' dir='ltr'>Quum</span> <span class='ocrx_word' id='word_1_157' title='bbox 314 2051 374 2104; x_wconf 89' lang='lat' dir='ltr'>dies</span> <span class='ocrx_word' id='word_1_158' title='bbox 382 2050 557 2105; x_wconf 88' lang='lat' dir='ltr'>hibernorum</span> <span class='ocrx_word' id='word_1_159' title='bbox 565 2051 894 2120; x_wconf 86' lang='lat' dir='ltr'>complurcstransisscnt,</span> <span class='ocrx_word' id='word_1_160' title='bbox 902 2052 956 2105; x_wconf 85' lang='lat' dir='ltr'>fru-</span> 
     </span>
     <span class='ocr_line' id='line_1_23' title="bbox 94 2126 958 2198; baseline -0.002 -15"><span class='ocrx_word' id='word_1_161' title='bbox 94 2133 282 2198; x_wconf 87' lang='lat' dir='ltr'>mentumque</span> <span class='ocrx_word' id='word_1_162' title='bbox 295 2144 327 2181; x_wconf 89' lang='lat' dir='ltr'>eo</span> <span class='ocrx_word' id='word_1_163' title='bbox 339 2128 501 2196; x_wconf 89' lang='lat' dir='ltr'>comportari</span> <span class='ocrx_word' id='word_1_164' title='bbox 515 2126 652 2195; x_wconf 87' lang='lat' dir='ltr'>jussisset,</span> <span class='ocrx_word' id='word_1_165' title='bbox 665 2127 756 2182; x_wconf 91' lang='lat' dir='ltr'>subito</span> <span class='ocrx_word' id='word_1_166' title='bbox 768 2144 819 2196; x_wconf 89' lang='lat' dir='ltr'>pcr</span> <span class='ocrx_word' id='word_1_167' title='bbox 835 2128 958 2194; x_wconf 80' lang='lat' dir='ltr'>explora-</span> 
     </span>
     <span class='ocr_line' id='line_1_24' title="bbox 103 2203 958 2272; baseline -0.002 -14"><span class='ocrx_word' id='word_1_168' title='bbox 103 2209 178 2259; x_wconf 90' lang='lat' dir='ltr'>tores</span> <span class='ocrx_word' id='word_1_169' title='bbox 190 2205 292 2259; x_wconf 83' lang='lat' dir='ltr'>certior</span> <span class='ocrx_word' id='word_1_170' title='bbox 302 2203 391 2258; x_wconf 86' lang='lat' dir='ltr'>faetus</span> <span class='ocrx_word' id='word_1_171' title='bbox 403 2207 446 2258; x_wconf 89' lang='lat' dir='ltr'>est</span> <span class='ocrx_word' id='word_1_172' title='bbox 459 2219 493 2256; x_wconf 83' lang='lat' dir='ltr'>ex</span> <span class='ocrx_word' id='word_1_173' title='bbox 506 2220 539 2256; x_wconf 91' lang='lat' dir='ltr'>ea</span> <span class='ocrx_word' id='word_1_174' title='bbox 549 2206 629 2271; x_wconf 85' lang='lat' dir='ltr'>parte</span> <span class='ocrx_word' id='word_1_175' title='bbox 641 2203 700 2271; x_wconf 84' lang='lat' dir='ltr'>vici,</span> <span class='ocrx_word' id='word_1_176' title='bbox 711 2220 792 2272; x_wconf 90' lang='lat' dir='ltr'>quam</span> <span class='ocrx_word' id='word_1_177' title='bbox 803 2203 887 2257; x_wconf 86' lang='lat' dir='ltr'>Gallis</span> <span class='ocrx_word' id='word_1_178' title='bbox 897 2220 958 2256; x_wconf 89' lang='lat' dir='ltr'>oon-</span> 
     </span>
     <span class='ocr_line' id='line_1_25' title="bbox 104 2279 959 2348; baseline -0.008 -14"><span class='ocrx_word' id='word_1_179' title='bbox 104 2285 231 2347; x_wconf 86' lang='lat' dir='ltr'>cesserat,</span> <span class='ocrx_word' id='word_1_180' title='bbox 244 2296 338 2334; x_wconf 87' lang='lat' dir='ltr'>omnes</span> <span class='ocrx_word' id='word_1_181' title='bbox 349 2283 433 2333; x_wconf 91' lang='lat' dir='ltr'>noctu</span> <span class='ocrx_word' id='word_1_182' title='bbox 445 2279 609 2347; x_wconf 84' lang='lat' dir='ltr'>discessisse,</span> <span class='ocrx_word' id='word_1_183' title='bbox 621 2282 784 2348; x_wconf 87' lang='lat' dir='ltr'>montesque</span> <span class='ocrx_word' id='word_1_184' title='bbox 797 2280 844 2348; x_wconf 88' lang='lat' dir='ltr'>qui</span> <span class='ocrx_word' id='word_1_185' title='bbox 854 2280 959 2348; x_wconf 89' lang='lat' dir='ltr'>impcn.</span> 
     </span>
     <span class='ocr_line' id='line_1_26' title="bbox 103 2355 958 2422; baseline -0.002 -13"><span class='ocrx_word' id='word_1_186' title='bbox 103 2357 202 2411; x_wconf 88' lang='lat' dir='ltr'>derent</span> <span class='ocrx_word' id='word_1_187' title='bbox 216 2373 232 2409; x_wconf 88' lang='lat' dir='ltr'>a</span> <span class='ocrx_word' id='word_1_188' title='bbox 248 2355 367 2409; x_wconf 83' lang='lat' dir='ltr'>maxima</span> <span class='ocrx_word' id='word_1_189' title='bbox 385 2356 563 2409; x_wconf 88' lang='lat' dir='ltr'>multitudine</span> <span class='ocrx_word' id='word_1_190' title='bbox 583 2356 754 2410; x_wconf 85' lang='lat' dir='ltr'>Sedunorum</span> <span class='ocrx_word' id='word_1_191' title='bbox 775 2359 803 2410; x_wconf 88' lang='lat' dir='ltr'>ct</span> <span class='ocrx_word' id='word_1_192' title='bbox 823 2356 958 2422; x_wconf 79' lang='lat' dir='ltr'>Veragro</span> 
     </span>
     <span class='ocr_line' id='line_1_27' title="bbox 104 2430 1000 2500; baseline -0.002 -14"><span class='ocrx_word' id='word_1_193' title='bbox 104 2450 164 2486; x_wconf 88' lang='lat' dir='ltr'>rum</span> <span class='ocrx_word' id='word_1_194' title='bbox 183 2431 278 2486; x_wconf 90' lang='lat' dir='ltr'>teneri.</span> <span class='ocrx_word' id='word_1_195' title='bbox 315 2431 352 2484; x_wconf 88' lang='lat' dir='ltr'>Id</span> <span class='ocrx_word' id='word_1_196' title='bbox 372 2432 475 2500; x_wconf 91' lang='lat' dir='ltr'>aliquot</span> <span class='ocrx_word' id='word_1_197' title='bbox 497 2432 533 2485; x_wconf 91' lang='lat' dir='ltr'>de</span> <span class='ocrx_word' id='word_1_198' title='bbox 552 2432 640 2485; x_wconf 89' lang='lat' dir='ltr'>causis</span> <span class='ocrx_word' id='word_1_199' title='bbox 659 2430 796 2485; x_wconf 87' lang='lat' dir='ltr'>acciderat</span> <span class='ocrx_word' id='word_1_200' title='bbox 815 2434 848 2483; x_wconf 91' lang='lat' dir='ltr'>ut</span> <span class='ocrx_word' id='word_1_201' title='bbox 867 2431 958 2484; x_wconf 88' lang='lat' dir='ltr'>subito</span> <span class='ocrx_word' id='word_1_202' title='bbox 975 2448 1000 2471; x_wconf 90' lang='lat'>-·</span> 
     </span>
     <span class='ocr_line' id='line_1_28' title="bbox 105 2506 958 2578; baseline -0.004 -16"><span class='ocrx_word' id='word_1_203' title='bbox 105 2507 176 2562; x_wconf 84' lang='lat' dir='ltr'>Galli</span> <span class='ocrx_word' id='word_1_204' title='bbox 188 2507 254 2561; x_wconf 89' lang='lat' dir='ltr'>belli</span> <span class='ocrx_word' id='word_1_205' title='bbox 266 2508 415 2561; x_wconf 86' lang='lat' dir='ltr'>renovandi</span> <span class='ocrx_word' id='word_1_206' title='bbox 428 2507 598 2576; x_wconf 89' lang='lat' dir='ltr'>legionisque</span> <span class='ocrx_word' id='word_1_207' title='bbox 611 2508 805 2578; x_wconf 88' lang='lat' dir='ltr'>opprimendae</span> <span class='ocrx_word' id='word_1_208' title='bbox 817 2506 958 2559; x_wconf 89' lang='lat' dir='ltr'>consilium</span> 
     </span>
     <span class='ocr_line' id='line_1_29' title="bbox 103 2574 959 2657; baseline -0.005 -19"><span class='ocrx_word' id='word_1_209' title='bbox 103 2587 250 2652; x_wconf 82' lang='lat' dir='ltr'>capereut3</span> <span class='ocrx_word' id='word_1_210' title='bbox 266 2574 392 2657; x_wconf 76' lang='lat' dir='ltr'>primum,</span> <span class='ocrx_word' id='word_1_211' title='bbox 408 2583 483 2652; x_wconf 90' lang='lat' dir='ltr'>quod</span> <span class='ocrx_word' id='word_1_212' title='bbox 498 2584 632 2652; x_wconf 86' lang='lat' dir='ltr'>legionem</span> <span class='ocrx_word' id='word_1_213' title='bbox 648 2600 738 2652; x_wconf 89' lang='lat' dir='ltr'>ncqne</span> <span class='ocrx_word' id='word_1_214' title='bbox 755 2600 815 2636; x_wconf 91' lang='lat' dir='ltr'>cam</span> <span class='ocrx_word' id='word_1_215' title='bbox 835 2581 959 2649; x_wconf 88' lang='lat' dir='ltr'>plenissi-</span> 
     </span>
     <span class='ocr_line' id='line_1_30' title="bbox 103 2657 959 2728; baseline -0.005 -14"><span class='ocrx_word' id='word_1_216' title='bbox 103 2675 184 2728; x_wconf 84' lang='lat' dir='ltr'>mam,</span> <span class='ocrx_word' id='word_1_217' title='bbox 205 2659 337 2714; x_wconf 85' lang='lat' dir='ltr'>detractis</span> <span class='ocrx_word' id='word_1_218' title='bbox 358 2660 514 2714; x_wconf 89' lang='lat' dir='ltr'>cohortibus</span> <span class='ocrx_word' id='word_1_219' title='bbox 537 2660 643 2714; x_wconf 88' lang='lat' dir='ltr'>duabus</span> <span class='ocrx_word' id='word_1_220' title='bbox 662 2664 693 2714; x_wconf 90' lang='lat' dir='ltr'>ct</span> <span class='ocrx_word' id='word_1_221' title='bbox 708 2657 891 2726; x_wconf 83' lang='lat' dir='ltr'>compluribus</span> <span class='ocrx_word' id='word_1_222' title='bbox 904 2657 959 2710; x_wconf 91' lang='lat' dir='ltr'>sin.</span> 
     </span>
     <span class='ocr_line' id='line_1_31' title="bbox 104 2733 958 2805; baseline -0.006 -14"><span class='ocrx_word' id='word_1_223' title='bbox 104 2735 220 2804; x_wconf 82' lang='lat' dir='ltr'>gillatim</span> <span class='ocrx_word' id='word_1_224' title='bbox 241 2736 288 2804; x_wconf 89' lang='lat' dir='ltr'>qui</span> <span class='ocrx_word' id='word_1_225' title='bbox 307 2740 475 2800; x_wconf 87' lang='lat' dir='ltr'>commeatus</span> <span class='ocrx_word' id='word_1_226' title='bbox 490 2738 604 2805; x_wconf 87' lang='lat' dir='ltr'>petendi</span> <span class='ocrx_word' id='word_1_227' title='bbox 623 2752 705 2790; x_wconf 62' lang='lat' dir='ltr'>cerusa</span> <span class='ocrx_word' id='word_1_228' title='bbox 722 2734 798 2788; x_wconf 90' lang='lat' dir='ltr'>missi</span> <span class='ocrx_word' id='word_1_229' title='bbox 816 2737 895 2787; x_wconf 88' lang='lat' dir='ltr'>erant</span> <span class='ocrx_word' id='word_1_230' title='bbox 910 2733 958 2786; x_wconf 82' lang='lat' dir='ltr'>ab</span> 
     </span>
     <span class='ocr_line' id='line_1_32' title="bbox 105 2810 960 2882; baseline -0.005 -18"><span class='ocrx_word' id='word_1_231' title='bbox 105 2810 236 2879; x_wconf 86' lang='lat' dir='ltr'>sentibus,</span> <span class='ocrx_word' id='word_1_232' title='bbox 248 2816 361 2882; x_wconf 87' lang='lat' dir='ltr'>propter</span> <span class='ocrx_word' id='word_1_233' title='bbox 380 2811 775 2882; x_wconf 82' lang='lat' dir='ltr'>paucitatem&#39;despicicbaut;</span> <span class='ocrx_word' id='word_1_234' title='bbox 794 2812 852 2864; x_wconf 89' lang='lat' dir='ltr'>tum</span> <span class='ocrx_word' id='word_1_235' title='bbox 873 2810 960 2862; x_wconf 87' lang='lat' dir='ltr'>etiam</span> 
     </span>
     <span class='ocr_line' id='line_1_33' title="bbox 105 2881 1000 2960; baseline -0.02 -20"><span class='ocrx_word' id='word_1_236' title='bbox 105 2887 179 2956; x_wconf 92' lang='lat' dir='ltr'>quod</span> <span class='ocrx_word' id='word_1_237' title='bbox 196 2893 312 2958; x_wconf 90' lang='lat' dir='ltr'>propter</span> <span class='ocrx_word' id='word_1_238' title='bbox 330 2889 508 2959; x_wconf 87' lang='lat' dir='ltr'>iniquitatem</span> <span class='ocrx_word' id='word_1_239' title='bbox 525 2889 592 2960; x_wconf 83' lang='lat' dir='ltr'>loci,</span> <span class='ocrx_word' id='word_1_240' title='bbox 610 2904 701 2960; x_wconf 85' lang='lat' dir='ltr'>quum</span> <span class='ocrx_word' id='word_1_241' title='bbox 713 2885 776 2953; x_wconf 68' lang='lat' dir='ltr'>&#39;xpm</span> <span class='ocrx_word' id='word_1_242' title='bbox 786 2881 1000 2959; x_wconf 30' lang='lat' dir='ltr'>ammonuim-</span> 
     </span>
     <span class='ocr_line' id='line_1_34' title="bbox 97 2954 1000 3037; baseline -0.004 -23"><span class='ocrx_word' id='word_1_243' title='bbox 97 2964 127 3014; x_wconf 87' lang='lat' dir='ltr'>r&#39;n</span> <span class='ocrx_word' id='word_1_244' title='bbox 150 2963 246 3019; x_wconf 77' lang='lat' dir='ltr'>vallem</span> <span class='ocrx_word' id='word_1_245' title='bbox 266 2965 457 3026; x_wconf 82' lang='lat' dir='ltr'>decurrerent</span> <span class='ocrx_word' id='word_1_246' title='bbox 478 2972 510 3026; x_wconf 90' lang='lat' dir='ltr'>ct</span> <span class='ocrx_word' id='word_1_247' title='bbox 531 2968 594 3025; x_wconf 78' lang='lat' dir='ltr'>tela</span> <span class='ocrx_word' id='word_1_248' title='bbox 616 2954 1000 3037; x_wconf 51' lang='lat' dir='ltr'>congruerent„uenffi}¹{</span> 
     </span>
     <span class='ocr_line' id='line_1_35' title="bbox 90 3013 1000 3130; baseline -0.037 -28"><span class='ocrx_word' id='word_1_249' title='bbox 90 3038 204 3102; x_wconf 63' lang='lat' dir='ltr'>quidem</span> <span class='ocrx_word' id='word_1_250' title='bbox 229 3060 317 3112; x_wconf 82' lang='lat' dir='ltr'>posse</span> <span class='ocrx_word' id='word_1_251' title='bbox 338 3047 488 3121; x_wconf 85' lang='lat' dir='ltr'>impetum</span> <span class='ocrx_word' id='word_1_252' title='bbox 517 3063 611 3104; x_wconf 85' lang='lat' dir='ltr'>snum</span> <span class='ocrx_word' id='word_1_253' title='bbox 634 3034 786 3098; x_wconf 66' lang='lat' dir='ltr'>sustuncm</span> <span class='ocrx_word' id='word_1_254' title='bbox 809 3013 1000 3130; x_wconf 37' lang='lat' dir='ltr'>amsans&amp;</span> 
     </span>
    </p>

    <p class='ocr_par' dir='ltr' id='par_1_6' title="bbox 74 3103 944 3195">
     <span class='ocr_line' id='line_1_36' title="bbox 74 3103 944 3195; baseline -0.029 0"><span class='ocrx_word' id='word_1_255' title='bbox 74 3113 253 3175; x_wconf 43' lang='lat' dir='ltr'>&#39;‘¹⁰⁰⁰deb3i</span> <span class='ocrx_word' id='word_1_256' title='bbox 267 3125 353 3195; x_wconf 72' lang='lat' dir='ltr'>quod</span> <span class='ocrx_word' id='word_1_257' title='bbox 372 3145 446 3186; x_wconf 88' lang='lat' dir='ltr'>suos</span> <span class='ocrx_word' id='word_1_258' title='bbox 465 3128 506 3186; x_wconf 87' lang='lat' dir='ltr'>ab</span> <span class='ocrx_word' id='word_1_259' title='bbox 527 3144 564 3184; x_wconf 88' lang='lat' dir='ltr'>se</span> <span class='ocrx_word' id='word_1_260' title='bbox 575 3123 707 3182; x_wconf 72' lang='lat' dir='ltr'>liberos</span> <span class='ocrx_word' id='word_1_261' title='bbox 720 3103 906 3170; x_wconf 51' lang='lat' dir='ltr'>ubshlussffi</span> <span class='ocrx_word' id='word_1_262' title='bbox 920 3104 944 3135; x_wconf 55' lang='lat'>”³</span> 
     </span>
    </p>
   </div>
   <div class='ocr_carea' id='block_1_4' title="bbox 0 0 1014 3396">
    <p class='ocr_par' dir='ltr' id='par_1_7' title="bbox 0 0 1014 3396">
     <span class='ocr_line' id='line_1_37' title="bbox 0 0 1014 3396; baseline 0 0"><span class='ocrx_word' id='word_1_263' title='bbox 0 0 1014 3396; x_wconf 95' lang='lat' dir='ltr'> </span> 
     </span>
    </p>
   </div>
  </div>
 </body>
</html>
