2018 3396
70 122 101 171 96
324 121 353 172 G.
371 113 474 173 JULII
491 121 664 172 CAESARIS

121 210 163 258 50.
199 206 239 258 Eo
255 203 300 257 die
315 204 435 272 pervidis
451 202 625 271 equestribus
642 204 754 272 proeliis
770 203 807 257 ad
822 221 927 274 aquam

68 281 148 335 factis
166 281 277 349 utrique
293 296 353 333 sese
370 297 418 334 suo
434 279 493 333 loco
509 279 665 343 contiuent;
682 280 761 347 Gelli,
776 281 850 349 quod
866 296 927 335 am·

68 357 169 427 pliores
181 356 280 426 copias,
291 372 362 425 quae
374 356 495 409 nondum
507 360 700 422 convenerant,
710 355 926 424 exspectabant3

69 434 177 498 Caesar,
195 434 217 485 si
234 433 306 486 forte
323 433 430 486 timoris
448 431 621 485 simulatione
638 430 731 485 hostes
747 431 775 485 in
792 448 872 485 suum
885 433 927 487 le·

68 526 129 563 eum
147 510 247 563 elicere
266 515 366 578 posset,
383 512 415 563 ut
431 508 501 562 citra
519 507 618 560 vallem
636 524 687 576 pre
703 508 800 561 eastris
818 510 927 577 proelio

68 585 261 650 contenderet;
278 585 301 637 si
314 585 343 638 id
356 585 463 639 efficere
476 601 529 637 non
542 587 644 652 posset,
654 587 686 638 ut
697 585 848 654 exploratis
859 587 926 640 itin·

68 661 161 713 eribus
178 662 283 714 minore
300 677 360 714 curn
377 660 497 730 periculo
511 660 608 714 vallem
625 660 768 729 rivumque
783 663 926 718 transiret.

71 737 163 790 Prima
185 736 244 790 lnce
262 736 381 790 hostium
401 737 542 805 equitatus
559 736 596 790 ad
614 741 705 791 eastra
720 736 828 791 accedit
843 755 926 807 pioe-

68 811 188 880 liunrque
206 829 267 866 cunr
284 814 384 866 nestris
400 813 540 881 equitibus
555 813 708 867 committit.
746 812 847 867 Caesar
859 830 926 867 con-

68 889 140 941 sulto
165 889 272 956 equites
296 888 394 942 cedere
419 905 502 956 seque
521 888 550 940 in
571 892 661 942 castre.
684 888 806 957 recipere
822 889 925 957 jubet3

69 965 147 1017 simul
170 982 204 1018 ex
223 964 347 1017 erunibus
365 964 490 1032 partibus
507 968 598 1018 castra
615 965 712 1018 altiore
733 965 803 1019 vello
821 966 924 1022 muniri

68 1045 218 1108 portasque
242 1039 347 1093 obstrui
372 1043 456 1108 atque
480 1040 507 1091 in
532 1039 573 1093 liis
597 1039 820 1094 administrandis
839 1040 925 1096 rebus

68 1132 150 1184 quum
163 1115 280 1169 unissime
292 1112 446 1168 concursari
456 1118 485 1168 et
497 1131 559 1168 curn
572 1116 745 1171 simulatione
757 1116 802 1184 agi
814 1115 924 1171 timoris

63 1191 153 1260 jubet.

119 1274 160 1322 51.
197 1268 302 1332 Quibus
325 1269 450 1322 omuibus
473 1270 556 1324 rebus
579 1269 673 1324 hostes
693 1267 801 1322 invitati
825 1268 921 1336 copias

68 1344 249 1398 transducunt
270 1344 410 1411 nciernque
426 1344 519 1413 iniquo
536 1347 594 1399 loco
611 1345 797 1409 constituunt;
820 1345 923 1398 nostris

69 1437 132 1474 vero
152 1421 234 1473 etiam
254 1420 289 1473 de
307 1420 377 1472 vallo
394 1419 521 1474 deductis
537 1421 649 1490 propius
669 1420 802 1475 accedunt
818 1423 848 1474 et
864 1420 923 1474 tela

70 1497 141 1548 iutra
154 1496 331 1549 munitionem
342 1513 376 1548 ex
388 1497 513 1550 omuibus
525 1497 650 1565 partibus
662 1495 824 1564 conjiciunt3
841 1512 921 1563 prae-

69 1571 236 1638 conibusque
260 1572 451 1624 circummissis
474 1572 647 1639 pronunciari
667 1572 774 1641 jubent,
792 1587 840 1624 seu
856 1572 922 1638 quis

70 1647 164 1699 (ladius
184 1663 233 1700 seu
253 1647 392 1700 Romanus
412 1648 478 1702 velit
501 1652 566 1702 aute
586 1647 680 1702 horam
704 1647 813 1702 tertiam
833 1646 871 1699 ad
890 1663 921 1701 se

67 1723 184 1776 transire
200 1723 258 1776 sine
274 1723 395 1791 periculo
412 1723 508 1789 licere;
528 1724 644 1793 postid
665 1727 843 1791 ternpusnon
859 1722 920 1777 lore

69 1801 248 1866 potestatem:
267 1799 298 1852 ae'
310 1799 348 1851 sie
364 1802 472 1852 nostros
488 1803 712 1870 contempserunt
725 1801 758 1852 ut
770 1797 920 1853 obstructis

68 1875 95 1926 in
113 1874 230 1942 speeiem
246 1874 334 1943 portis
351 1875 465 1942 singulis
480 1876 622 1930 ordinibus
638 1875 779 1944 cespitum,
794 1873 869 1942 qnod
886 1891 921 1930 ea

52 1967 122 2002 -non
144 1966 223 2017 posse
242 1951 442 2020 introrumpere
460 1953 631 2018 ridebantur,
647 1951 693 2005 elii
718 1950 818 2004 vallum
836 1967 920 2006 irranu

70 2025 202 2092 scindere,
222 2026 266 2078 alii
286 2027 372 2079 fossas
387 2029 524 2096 complere
540 2028 697 2096 inciperent.
734 2027 801 2080 Tum
818 2026 920 2080 Genesar

69 2102 194 2154 omuibus
206 2102 293 2169 portis
306 2104 449 2170 eruptione
462 2104 534 2158 fucta
546 2103 727 2172 equitatuque
738 2103 836 2156 emisso
849 2102 920 2173 cele-

69 2177 137 2230 riter
149 2177 242 2230 hostes
254 2177 280 2229 in
294 2177 387 2245 fugam
400 2178 449 2232 dat
461 2180 498 2232 sie
510 2179 551 2233 uti
564 2180 672 2233 omnino
685 2177 825 2248 pugnandi
838 2194 921 2232 ceusu

69 2253 211 2307 resisteret
231 2269 325 2319 nenro;
349 2271 531 2322 magnumque
550 2271 584 2308 ex
604 2254 638 2308 iis
658 2270 801 2308 numerum
820 2253 920 2310 occidit

69 2335 152 2396 atque
163 2344 257 2382 omnes
269 2329 353 2383 armis
365 2330 447 2383 exuit.

121 2410 161 2458 52.
199 2405 318 2473 Longius
333 2405 463 2475 prosequi
475 2405 586 2470 veritus,
599 2405 674 2474 quod
691 2406 773 2471 silvae
789 2405 920 2475 paludes-

68 2499 121 2550 que
145 2481 359 2550 intercedebant,
384 2498 474 2551 neque
499 2482 582 2536 etiam
607 2482 722 2551 parvulo
750 2482 919 2537 detrimento

68 2559 175 2611 illorum
187 2557 276 2610 locum
285 2558 401 2626 relinqui
411 2557 529 2620 videbat
537 2558 661 2610 omnibus
671 2558 727 2610 suis
738 2556 920 2611 incolumibus

68 2634 152 2702 copiis
173 2633 271 2687 eodem
294 2633 339 2687 die
363 2633 399 2686 ad
420 2633 578 2686 Ciceronem
602 2634 734 2700 pervenit.
771 2633 919 2687 Institutas

68 2715 167 2775 turres,
192 2709 344 2763 testudines
368 2707 586 2775 munitionesque
610 2709 729 2761 hostium
753 2709 919 2765 aduriratur:

68 2785 202 2853 producta
213 2784 319 2854 legione
335 2784 473 2852 cognoscit
485 2800 538 2836 non
556 2784 690 2837 decimum
708 2800 843 2853 quomque
858 2800 920 2839 esse

68 2860 202 2927 reliquum
214 2861 329 2915 militem
342 2861 399 2914 sino
411 2860 531 2914 vulnere.
567 2861 608 2914 Ex
617 2856 662 2913 bis
672 2859 797 2912 omuibus
808 2860 918 2927 judicat

67 2935 149 2989 rebus
164 2940 266 3003 quante
283 2953 344 2990 cum
362 2935 484 3005 periculo
503 2939 532 2990 et
551 2938 655 3004 quanta
673 2951 735 2989 cnm
751 2935 853 2989 virtute
871 2951 919 2990 res

50 3011 112 3060 sint
118 3011 346 3068 administratae:
361 3013 525 3069 Ciceronem
536 3030 588 3083 pro
595 3010 659 3082 ejus
668 3010 928 3075 meinmiegmuem·

29 3097 93 3163 ,9¹¹⁰
110 3085 270 3144 collaudat:
289 3092 485 3148 centuriones
503 3090 674 3162 singillatim
685 3085 877 3146 tribuemus
889 3078 945 3159 ml:

28 3158 105 3207 ΨΜ]
125 3165 263 3235 dflfiollut,
285 3186 414 3242 quorum
433 3171 591 3244 egregiam
605 3166 702 3224 luisse
712 3161 860 3218 perstem
872 3151 960 3203 iim*
