2018 3396
72 141 104 189 60
334 139 361 184 0.
380 134 483 183 JULII
500 134 672 185 CAESARIS

70 220 150 274 fectis
167 219 335 286 navibusque
353 233 447 281 corum
465 216 611 286 occupatis,
631 216 791 284 priusquam
809 233 842 270 ea
860 233 924 285 pars

72 297 262 364 Menapiorum
275 311 344 362 quae
357 294 426 347 citra
443 293 570 346 Rhenum
582 292 688 362 [quieta
701 292 728 345 in
737 293 793 347 suis
801 292 924 363 sedibus]

71 377 132 427 erat
152 373 253 425 certior
274 370 362 436 fieret,
382 371 482 424 fiumen
504 369 672 423 transierunt
693 373 778 437 atque
799 369 925 423 omnibus

71 465 166 502 corum
188 447 319 502 aediliciis
340 447 478 515 occupatis
499 445 633 514 reliquam
651 452 760 514 partem
780 444 876 499 hiemis
894 462 925 500 se

72 540 168 578 eorum
180 523 266 593 copiis
278 522 411 575 aluerunt.

41 638 57 647 .-
125 607 148 654 5.
180 600 232 652 His
246 599 280 653 de
290 597 372 652 rebus
382 599 482 652 Cacsar
491 598 591 653 certior
600 599 688 651 factus
697 601 726 652 et
735 598 925 652 infirmitatem

73 675 212 730 Gallorum
222 675 334 741 veritus,
343 674 416 742 quod
427 678 490 727 sunt
499 675 527 726 in
536 674 654 727 consiliis
663 674 802 743 capiendis
811 674 926 728 mobiles

73 755 102 806 et
125 753 201 805 novis
224 752 385 820 plerumque
405 749 488 803 rebus
509 750 630 816 student,
649 750 717 824 nihil
737 751 780 803 his
801 752 925 804 commit-

73 828 188 881 tendum
209 826 383 881 existimavit.
421 825 471 878 list
492 830 584 879 autem
604 826 655 880 hod
677 824 796 880 Gallicae
813 843 925 880 consue-

73 903 182 969 tudinis,
193 903 233 956 uti
246 905 275 955 ct
287 902 405 955 viatores
418 901 501 954 etiam
513 902 613 955 invitos
625 903 772 956 consistere
785 906 883 970 cogant
895 907 926 956 ct

74 980 148 1048 «prod
157 979 273 1046 quisque
283 994 376 1031 corum
387 977 422 1031 de
433 993 541 1046 quaque
549 995 579 1032 rc
587 979 705 1032 audierit
713 983 761 1032 aut
769 980 926 1047 cognoverit

74 1060 213 1122 «pluerant,
226 1062 255 1109 ct
271 1058 437 1108 mercatores
453 1054 481 1107 in
498 1055 606 1123 oppidis
623 1056 719 1123 vulgus
735 1056 925 1120 circumsistat,

74 1131 227 1199 quibusque
248 1148 283 1184 cx
305 1131 460 1198 regionibus
478 1131 590 1184 veniant
608 1148 730 1199 quasque
747 1130 784 1183 ibi
803 1148 845 1184 res
863 1148 922 1198 cog·
937 1144 948 1163 ·

74 1207 201 1260 noverint
225 1207 400 1275 pronuntiare
424 1211 531 1276 cogant.
569 1207 622 1261 ilis
642 1208 724 1262 rebus
745 1211 829 1276 atque
850 1206 925 1259 audi-

74 1285 193 1337 tionibus
206 1283 321 1351 permeti
335 1283 370 1336 de
383 1283 494 1337 summis
507 1300 588 1353 saepe
601 1283 682 1337 rebus
694 1285 806 1337 consilia
821 1285 924 1349 ineunt,

75 1377 191 1428 quorum
215 1376 262 1413 eos
285 1360 312 1412 in
337 1360 451 1427 vestigio
474 1361 614 1428 poenitere
638 1377 747 1413 neccsse
770 1364 818 1425 cst,
840 1376 925 1427 quum

75 1438 184 1490 incertis
202 1436 356 1490 rumoribus
374 1436 493 1489 serviant
511 1440 541 1489 et
558 1436 683 1504 plerique
700 1436 736 1490 ad
757 1436 925 1489 voluntatem

76 1529 170 1565 corum
183 1513 247 1566 fieta
259 1510 450 1580 respondeant.

128 1595 152 1641 6.
190 1589 249 1652 Qua
273 1586 469 1640 cousuetudine
494 1586 603 1653 cognita
624 1585 732 1654 Caesar,
754 1603 788 1640 ne
807 1587 926 1654 graviori

77 1663 147 1716 bello
159 1666 320 1728 occurreret,
331 1663 465 1716 maturius
478 1679 559 1731 quam
571 1666 714 1716 consuerat
725 1663 761 1715 ad
774 1663 924 1715 exercitum

75 1739 261 1806 proficiscitur.
293 1739 333 1791 llo
345 1724 566 1806 quum⁸senissct
578 1754 610 1790 cu
622 1754 692 1806 quae
704 1738 762 1790 fore
774 1738 925 1806 suspicatus

76 1817 136 1867 crat
152 1815 223 1867 facta
239 1814 379 1881 cognovit:
398 1816 494 1866 missas
507 1813 655 1880 legationes
668 1813 703 1866 ab
715 1814 848 1866 nonnullis
860 1814 925 1866 ciri-

76 1889 180 1941 tatibus
201 1889 237 1942 ad
259 1889 415 1957 Germanos,
437 1890 621 1957 invitatosquc
642 1906 693 1962 eos⁸
709 1890 749 1942 uti
770 1889 805 1942 ab
830 1889 925 1943 illicne

76 1964 256 2029 discederent,
281 1965 424 2033 omniaque
451 1983 521 2035 quae
547 1967 731 2033 postulassent
754 1965 789 2019 ab
815 1983 844 2019 se
867 1965 925 2018 lore

76 2043 178 2107 parata.
224 2041 283 2104 Qua
306 2057 355 2108 spe
378 2042 489 2094 adducti
515 2042 642 2095 Germani
663 2042 745 2096 latius
765 2042 823 2110 jam
846 2058 925 2109 vaga-

77 2113 177 2166 bantur
189 2118 218 2167 et
230 2116 257 2167 in
272 2115 340 2168 fines
356 2116 512 2169 Eburonum
530 2123 559 2170 et
577 2119 785 2183 Condrusorum,
798 2117 844 2185 qui
861 2122 925 2171 sunt

77 2188 248 2242 Trevirorum
267 2191 387 2255 clientes,
406 2201 594 2261 pervenerunt.
634 2194 802 2263 Principibus
821 2192 926 2246 Galliac

76 2264 196 2316 evocatis
215 2266 315 2319 Caesar
333 2283 365 2320 ea
383 2285 453 2336 quae
474 2273 637 2336 cognoverat
658 2269 852 2322 dissimulamla
872 2267 925 2320 sibi

77 2338 251 2407 existimavit,
270 2358 418 2410 eorumque
437 2344 534 2396 animis
551 2343 695 2411 permulsis
712 2349 741 2397 et
759 2344 925 2397 confirmatis

76 2415 255 2484 equitatuque
283 2417 416 2484 imperato
444 2418 545 2471 bellum
570 2435 631 2472 cnm
660 2418 802 2475 Gennanis
829 2435 926 2486 gerere

77 2491 225 2545 constitnit.
441 2544 443 2549 ,
675 2478 696 2521 ⁰

130 2572 151 2623 7.
189 2567 230 2621 Re
243 2568 422 2623 frumentaria
434 2578 590 2637 comparata
607 2569 799 2639 equitibusque
812 2572 926 2624 delectis

76 2641 130 2694 iter
146 2643 174 2696 in
194 2660 227 2696 ca
244 2645 302 2697 loca
320 2646 409 2698 facere
428 2646 523 2712 coepit,
537 2646 635 2712 quibus
653 2646 680 2698 in
698 2645 763 2698 locis
781 2663 842 2700 esse
860 2647 926 2701 Gor-

76 2734 170 2771 manos
183 2719 321 2774 audiebat.
352 2721 377 2772 A
392 2720 491 2786 quibus
504 2738 587 2788 quum
601 2737 746 2788 paucorum
756 2721 861 2774 dierum
872 2722 926 2776 iter

76 2793 193 2858 abesset,
206 2795 289 2862 legati
303 2794 338 2848 ab
350 2795 392 2847 bis
405 2800 545 2860 venerunt,
556 2812 670 2863 quorum
682 2796 749 2849 haec
761 2797 814 2849 fuit
824 2799 924 2852 oratio:

77 2867 227 2922 Germanos
240 2888 327 2939 neque
340 2872 445 2940 priores
457 2872 556 2942 populo
571 2872 691 2925 Romano
706 2871 807 2924 bellum
825 2872 925 2926 inferre

77 2959 165 3008 neque
178 2949 269 2998 tamen
282 2963 415 3015 recusare,
430 2949 451 3001 si
464 2949 637 3010 lacessantur,
647 2948 711 3016 quin
724 2949 806 3001 armis
818 2954 925 3003 conten-

67 3016 141 3079 dant,
151 3020 229 3085 quod
241 3021 442 3078 Germanorum
453 3023 700 3078 consuctudoliaec
708 3025 746 3076 sit
753 3024 930 3088 ainaqoribns

49 3090 162 3155 Wldsie
179 3097 355 3168 quicumque
375 3101 481 3156 bellum
495 3100 632 3165 inierant,
641 3098 775 3152 resistere
788 3110 883 3174 nequo
896 3092 944 3141 de-

27 3165 155 3223 precari
199 3171 286 3228 Haec
307 3179 409 3232 tamen
435 3177 553 3234 dicore:
577 3173 694 3229 uenisse
718 3170 837 3224 insitos,
853 3164 962 3228 usim
