2018 3396
87 113 136 161 180
337 112 366 162 0.
384 109 487 161 JULII
504 111 680 160 CAESARIS

89 193 231 263 Drappete
244 197 273 249 et
291 192 421 249 Lucterio
438 194 518 260 gesta
535 194 635 261 essent,
655 208 766 261 quoquo
783 191 812 245 in
830 193 941 246 consilio

88 275 281 338 permanerent
304 268 443 341 oppidani.
479 269 601 333 Quorum
620 269 673 322 etsi
690 269 859 338 paucitatem
880 285 942 321 con-

90 348 238 416 temnebat,
256 352 347 402 tamen
364 345 543 415 pertinaciam
561 361 660 412 magna
676 361 764 412 poena
783 361 842 397 esso
858 345 940 398 affici-

87 423 186 476 endam
194 423 348 492 judioabat,
360 439 396 476 ne
407 423 534 474 universa
550 421 639 474 Gellia
656 437 710 474 non
728 420 848 474 defuisse
866 420 940 474 vires

87 497 139 551 sibi
152 499 189 552 ad
200 499 386 554 resistendum
399 497 530 551 Romanis
544 496 595 550 sed
612 497 794 551 constantiam
812 499 940 564 putaret;

86 590 155 628 neve
178 575 230 630 hoc
254 574 379 643 exemplo
403 576 512 627 ceterae
536 572 662 626 civitates
685 572 808 626 locorum
840 588 939 640 oppor-

86 651 206 705 tunitate
229 651 318 706 fretae
341 667 371 704 se
394 648 564 703 vindicarent
589 648 618 701 in
646 648 821 712 libertatem3
854 665 938 716 quum

86 726 212 780 omnibus
230 727 316 781 Gallis
333 729 430 779 uotum
448 725 531 778 sciret
549 724 683 792 reliquam
701 740 761 777 csse
784 740 868 776 unam
882 727 938 796 aeff

86 804 188 854 statem
206 818 272 856 suae
290 801 453 869 provinciae,
474 816 555 870 quam
576 800 599 853 si
616 799 752 853 sustinere
775 799 936 867 potuissent,

85 876 189 929 nullum
201 877 274 930 ultra
285 875 436 946 periculum
449 878 616 928 vererentur.
646 875 746 944 ltaque
760 875 792 939 Q.
805 875 937 928 Calenum

86 951 208 1019 legatum
227 968 287 1005 cum
309 951 462 1019 legionibus
481 949 611 1020 [duabus]
632 950 770 1018 relinquit,
787 951 834 1019 qui
852 949 937 1019 justis

85 1027 230 1081 itineribus
244 1025 297 1098 [se]
318 1027 547 1095 subsequeretur;
562 1027 621 1095 ipsc
639 1042 701 1080 cum
719 1026 792 1079 omni
810 1026 937 1095 equitatu

86 1119 169 1169 quam
180 1105 275 1171 potest
286 1103 427 1158 celerrime
439 1102 475 1154 ad
488 1101 631 1155 Caninium
643 1098 792 1155 contendit.
865 1152 867 1154 ,

137 1183 178 1232 40.
215 1180 306 1245 Quum
330 1182 426 1233 eontra
443 1179 675 1248 exspectationem
694 1178 813 1231 omnium
835 1177 937 1231 Caesar

86 1252 289 1308 Uxellodunum
313 1254 433 1308 venisset
451 1253 637 1322 oppidumque
660 1253 789 1321 operibus
814 1252 935 1307 clausum

86 1329 206 1403 animum
233 1329 399 1402 adverteret,
428 1345 517 1398 neque
546 1328 582 1382 ab
612 1329 814 1397 oppugnatione
843 1330 935 1383 recedi

83 1403 194 1460 'rideret
205 1406 261 1459 ulla
277 1405 433 1460 conditione
450 1421 538 1474 posse,
558 1421 658 1471 magna
675 1407 768 1457 auteur
787 1405 865 1473 copia
881 1406 936 1458 fru-

63 1498 67 1508 ·
85 1481 172 1535 menti
184 1481 324 1535 abundare
336 1480 486 1550 oppidanos
505 1497 539 1534 ex
556 1480 677 1548 perfugis
694 1483 844 1547 cognosset,
863 1497 935 1549 aqua

84 1555 231 1624 prohibere
260 1556 367 1610 hostem
396 1559 505 1610 tentare
534 1555 633 1624 coepit.
669 1555 784 1608 Flumen
813 1556 934 1610 infimam

85 1631 183 1686 vallem
196 1632 345 1698 dividebat,
358 1648 429 1701 qnae
446 1634 536 1686 totum
553 1647 640 1699 paene
657 1635 779 1684 montem
798 1631 934 1701 cingebat,

84 1705 113 1758 in
126 1723 179 1775 quo
190 1708 308 1777 positum
321 1711 380 1761 erat
391 1710 570 1776 praeruptum
586 1706 708 1774 undiquc
725 1705 857 1774 oppidum
876 1708 934 1761 Ux-

84 1780 249 1837 ellodunum.
284 1783 346 1837 Hoc
358 1783 458 1837 flumen
470 1783 557 1837 averti
573 1783 626 1836 loci
644 1785 744 1835 natura
760 1782 934 1852 prohibebat,

85 1858 123 1912 sic
136 1859 252 1935 enimin
268 1859 331 1914 imis
348 1858 489 1912 radicibus
506 1859 608 1912 mentis
625 1857 765 1911 ferebatur
782 1862 815 1913 ut
831 1859 933 1913 nullam

39 1928 46 1940 ”
84 1933 112 1985 in
124 1938 231 2002 partem
244 1935 383 2004 depressis
393 1933 474 1988 fossis
485 1933 604 1988 derivari
619 1936 720 2002 posset
755 1933 823 1988 Erat
840 1943 933 1988 auteur

84 2009 227 2076 oppidanis
239 2010 356 2064 difficilis
371 2012 401 2064 et
417 2013 582 2079 praeruptus
600 2025 633 2063 eo
650 2008 803 2076 descensus,
821 2013 854 2063 ut
871 2027 933 2078 pre

83 2084 241 2139 bibentibus
264 2086 365 2140 nostris
389 2086 448 2140 sine
471 2085 629 2140 vulneribus
652 2102 684 2139 ac
709 2086 829 2154 periculo
858 2087 933 2141 ritae

83 2177 172 2231 neque
192 2161 269 2215 adire
289 2162 391 2215 flumen
409 2178 498 2230 neque
519 2162 605 2215 arduo
629 2178 659 2214 se
678 2162 800 2230 recipere
819 2168 933 2230 possent

82 2254 204 2292 ascensu.
241 2238 301 2302 Qua
313 2237 474 2292 difficultate
489 2254 584 2291 eorum
600 2237 710 2306 cognita
725 2238 833 2304 Caesar,
851 2241 933 2306 sagit

82 2314 161 2367 tariis
180 2312 420 2382 funditoribusque
438 2313 586 2382 dispositu,
605 2315 750 2367 tormentis
768 2314 852 2367 etiam
873 2317 931 2383 qui-

82 2389 197 2443 busdam
208 2388 274 2444 locis
285 2391 380 2443 contra
391 2388 533 2443 facillimos
548 2388 694 2442 descensus
706 2389 849 2454 collocatis,
860 2406 933 2458 aqua

81 2466 200 2520 fluminis
220 2464 385 2535 prohibebat
404 2465 561 2533 oppidanos,
585 2480 700 2531 quorum
724 2465 811 2518 omnis
834 2470 931 2534 postea

81 2541 229 2595 multitudo
241 2544 403 2610 aquatorum
415 2558 499 2594 nuum
512 2541 540 2592 in
552 2540 641 2592 locum
654 2540 838 2594 conveniebat.

132 2624 173 2672 41.
209 2616 266 2686 Sub
289 2618 379 2686 ipsum
402 2617 474 2670 enim
496 2616 591 2685 oppidi
608 2632 717 2668 murum
734 2632 849 2683 magnus
869 2616 930 2670 fons

80 2709 167 2760 aquae
178 2692 375 2762 prorumpebat
389 2691 424 2745 ab
442 2709 475 2745 ea
492 2695 579 2761 parte,
598 2707 668 2759 quae
685 2691 744 2745 fere
761 2691 863 2759 pedum
882 2708 931 2747 ccc

79 2768 221 2822 intervallo
233 2768 351 2822 fluminis
363 2767 480 2822 circuitu
492 2767 612 2822 vacabat.
631 2767 693 2820 Hoc
704 2769 779 2820 fonte
790 2767 929 2835 prohiberi

81 2860 160 2910 posse
184 2844 332 2913 oppidanos
356 2860 440 2912 quum
460 2847 588 2912 optarent
607 2842 714 2911 reliqui,
737 2843 837 2896 Caesar
860 2861 930 2897 unus

72 2920 188 2988 adderet,
201 2937 218 2974 e
229 2920 344 2990 regione
356 2919 417 2990 ejus
428 2920 520 2974 vineas
532 2936 613 2988 agere
625 2918 756 2972 adversus
767 2922 888 2973 montem
901 2924 931 2974 et

51 3009 180 3060 aggeres
190 2997 339 3053 instruere
352 2998 447 3070 coepit
457 3014 560 3068 magno
572 3012 637 3051 cnm
645 2993 743 3047 labore
759 2997 790 3045 et
804 2996 933 3049 continua

37 3065 245 3141 dimicatione.
285 3076 440 3150 Oppidani
452 3077 532 3135 enim
540 3075 605 3130 loco
618 3068 762 3140 superium
770 3067 952 3118 decurrentes

37 3143 179 3218 eminus]
202 3152 273 3210 sine
299 3157 445 3228 periculo
469 3151 709 3229 proeliabanlur,
722 3140 885 3202 inultum*m
904 3151 969 3198 iffi·
