2018 3396
466 119 577 168 LIBER
593 119 616 168 Ι.
951 124 966 173 5

117 204 158 257 nis
169 203 261 257 invitis
272 204 386 271 proptor
398 201 535 268 augustias
542 200 584 258 ire
596 215 650 252 non
659 199 794 268 poterant.
820 195 872 252 His
882 216 967 268 quum

118 298 166 334 sua
186 282 282 348 sponte
300 277 466 346 persuadere
485 293 539 328 uon
558 279 675 344 possent,
693 275 799 342 legatos
822 274 858 327 ad
883 275 969 330 Dum·

117 357 238 424 norigcm
252 355 381 408 Aeduum
392 353 506 406 mittunt
512 355 550 405 ‘ut
561 369 593 406 eo
607 352 785 420 deprecatore
803 367 820 403 a
835 350 968 420 Sequanis
977 392 997 431 ἶ

117 433 305 503 impetrarent.
342 429 493 482 Dumnorix
517 429 607 496 gratia
626 432 655 481 ct
671 427 815 495 largitione
833 428 907 496 apud
922 429 969 484 Se·

118 525 221 577 quanos
233 508 379 576 plurimum
391 509 510 575 poterat,
523 509 553 558 et
561 505 698 559 Helvetiis
710 509 770 558 crat
783 506 884 558 amicus
895 507 969 574 quod

117 602 151 639 ex
166 602 199 638 ea
214 584 326 638 civitate
344 582 516 650 Orgetorigis
530 582 613 635 filiam
630 583 657 635 in
671 581 875 654 matrimonium
885 582 969 637 duxe-

117 665 167 726 rat
180 664 209 714 ct
226 660 377 729 cupiditate
395 660 473 726 regni
491 659 626 713 adductus
644 658 720 711 novis
738 660 821 712 rebus
839 659 969 714 studebat

118 741 147 791 et
166 754 248 806 quam
267 736 398 804 plurimas
420 735 545 790 civitates
564 751 614 788 suo
635 734 686 788 sibi
708 735 840 789 beneficio
868 736 969 790 babere

118 813 263 866 obstrictas
282 812 396 865 volebat.
436 811 535 880 Itaque
555 828 612 864 rem
629 812 749 881 suscipit,
762 816 791 866 et
807 814 969 881 aSequenis

117 890 247 957 impetrat
271 893 304 942 ut
326 905 376 957 per
400 888 468 941 fines
493 905 555 941 sues
581 887 723 941 Helvetios
751 889 793 942 ire
821 890 969 957 patiantur,

118 966 281 1033 obsidesque
306 965 346 1017 uti
371 965 443 1017 inter
467 981 528 1018 sese
547 965 615 1017 dent
638 964 762 1032 perficit:
789 965 914 1032 Sequani,
934 982 969 1018 no

116 1042 215 1095 itinere
229 1040 371 1094 Helvetios
383 1039 562 1108 prohibeant;
582 1040 709 1106 Helvetii,
721 1044 754 1094 ut
766 1040 824 1094 sine
837 1040 969 1094 maleficio

117 1120 146 1170 et
158 1117 259 1184 injuria
271 1119 419 1170 transeant.

170 1199 207 1245 10.
240 1193 349 1246 Caesari
365 1193 539 1245 renuntiatur
558 1191 692 1245 llelretiis
705 1208 765 1246 esse
776 1193 805 1246 in
816 1193 907 1247 animo
918 1211 969 1262 per

117 1285 213 1336 agrum
228 1269 415 1337 Sequanorum
428 1271 457 1321 et
466 1267 627 1320 Aeduorum
639 1267 692 1320 iter
700 1267 729 1320 in
739 1268 889 1322 Santonum
899 1269 968 1322 fines

117 1344 215 1410 facere,
229 1345 274 1412 qui
287 1361 340 1396 non
355 1344 435 1412 longe
449 1359 467 1396 a
483 1341 648 1396 Tolosatium
663 1343 761 1396 finibus
778 1343 885 1410 absunt,
898 1361 968 1412 quac

116 1420 212 1473 civitas
225 1421 305 1473 estin
318 1420 461 1487 provincia.
497 1418 533 1471 Id
545 1418 568 1470 si
583 1418 670 1484 fieret,
683 1418 853 1487 intelligebat
870 1437 967 1488 magno

117 1512 179 1550 cum
197 1496 317 1564 periculo
333 1496 485 1563 provinciae
499 1495 621 1548 futurarm
636 1497 667 1547 ut
681 1495 803 1548 homines
818 1495 966 1563 bellicosos,

117 1571 209 1640 populi
224 1572 336 1625 Romani
349 1572 476 1637 inimicos,
486 1571 551 1625 loeis
562 1570 719 1639 patentibus
732 1571 904 1640 maximeque
913 1572 970 1626 sru-

117 1648 258 1701 mentariis
269 1648 398 1702 finitimos
411 1647 533 1702 haberet.
565 1646 608 1699 Ob
621 1663 667 1700 eas
684 1664 778 1700 carnae
791 1648 815 1700 oi
828 1649 970 1704 nrunitioni

76 1739 81 1748 ·
119 1718 205 1792 quam'
219 1723 369 1778 iecerat-T.
390 1724 539 1778 Labienum
558 1723 679 1790 legatum
697 1724 846 1792 praefecit3
866 1725 924 1793 ipsc
942 1726 970 1780 in
999 1750 1003 1757 ·

120 1798 228 1854 ltaliam
240 1801 344 1867 magnis
356 1801 499 1853 itineribus
511 1798 653 1852 contendit
666 1798 788 1866 duasque
800 1800 838 1852 ibi
850 1799 971 1868 legiones

118 1875 270 1940 conscribit,
284 1880 313 1929 et
325 1880 383 1929 tres
394 1892 465 1944 quae
477 1875 578 1929 circum
592 1875 748 1943 Aquileiam
761 1877 920 1932 hiemabant
936 1896 970 1932 ex

119 1950 241 2004 hibernis
261 1951 360 2017 educit,
381 1956 483 2020 etqua
504 1951 657 2019 proximum
682 1952 736 2004 iter
758 1953 786 2005 in
811 1952 970 2007 ulteriorem

121 2026 236 2080 Galliam
254 2044 306 2095 per
325 2027 410 2095 Alpes
428 2030 489 2080 erat
503 2043 564 2080 enm
581 2026 623 2078 bis
635 2027 754 2095 quinque
767 2028 919 2095 legionibus
930 2031 971 2083 irc

120 2103 267 2156 contendit.
300 2103 343 2156 lbi
357 2104 508 2157 Ceutrones
520 2106 549 2156 et
562 2103 695 2156 Graioceli
708 2107 737 2156 et
753 2103 897 2171 Caturiges
906 2104 972 2159 loeis

121 2178 306 2248 superioribus
323 2177 460 2248 occupatis
476 2179 576 2233 itinere
595 2179 745 2232 exercitum
764 2179 911 2248 probibere
929 2198 972 2234 co

120 2259 227 2308 nentur.
264 2255 456 2322 Compluribus
468 2254 510 2307 his
521 2256 630 2322 proeliis
643 2255 734 2323 pulsis,
747 2256 782 2309 ab
795 2256 884 2323 Ocelo,
898 2257 972 2325 quod

121 2334 165 2384 est
176 2330 309 2384 citerioris
321 2332 473 2400 provinciae
486 2333 683 2396 entremenis
695 2332 763 2385 fines
777 2332 971 2388 Vocontiorum

120 2406 257 2460 ulterioris
273 2408 425 2475 provinciae
439 2407 484 2460 die
500 2409 615 2476 septimo
629 2410 761 2476 pervenit,
774 2409 838 2462 inde
854 2410 882 2462 in
896 2411 971 2463 Allo-

120 2482 238 2550 brogum
253 2483 328 2546 fines,
341 2483 376 2536 ab
393 2483 587 2552 Allobrogibus
601 2485 628 2537 in
645 2485 807 2552 Segusiauos
822 2489 971 2541 exereitum

119 2559 203 2612 ducit.
227 2559 265 2612 Hi
277 2563 341 2613 sunt
353 2564 431 2613 extra
442 2561 607 2628 provinciam
622 2565 699 2614 trans
710 2561 874 2617 Rhodanum
884 2565 970 2633 primi.

174 2641 212 2689 ll.
250 2635 371 2690 Helvetii
378 2635 438 2703 jam
449 2654 500 2705 per·
512 2638 652 2705 angustias
665 2641 694 2691 et
702 2638 771 2692 fines
784 2640 971 2709 Sequanorum

112 2726 183 2781 suas
196 2711 286 2780 copias
298 2712 518 2780 transduxerant
532 2718 561 2767 et
576 2714 602 2767 iu
620 2714 778 2768 Aeduorum
794 2716 862 2769 fines
877 2733 972 2785 parve

120 2789 218 2841 nerant
229 2803 378 2856 cenamque
389 2805 470 2856 agros
483 2790 691 2859 populabantur.
729 2791 829 2857 Aedui,
843 2809 927 2861 quum
942 2809 972 2846 se

121 2863 309 2933 susqueabiis
318 2864 466 2919 defendere
475 2883 528 2919 non
537 2869 657 2934 possent,
665 2867 771 2935 legatos
780 2866 816 2920 ad
826 2867 972 2923 Caesarem

120 2940 236 2995 mittunt
249 2943 375 3008 rogatum
388 2942 517 2996 auxilium
528 2962 534 2996 :
556 2943 602 2996 lta
613 2960 643 2997 sc
654 2944 728 2998 omni
739 2946 865 3013 tempore
878 2945 914 3013 de
925 2962 976 3009 qe

119 3015 185 3085 pulo
199 3015 320 3069 Romano
332 3017 445 3071 meritos
457 3035 517 3072 esse
527 3022 559 3072 nt
570 3036 660 3088 paene
669 3020 706 3072 in
715 3021 880 3083 conspeetu
887 3013 1004 3063 ems-

22 3135 27 3145 .
120 3096 168 3147 tus
185 3092 272 3146 nostri
291 3094 351 3162 agri
370 3096 486 3162 vastari,
497 3095 588 3151 liberi
601 3111 710 3149 eorum
722 3094 762 3145 ‘ux
775 3087 964 3141 sedissem
975 3088 1009 3118 ‘e'

107 3168 186 3238 -duei,
199 3169 301 3243 oppida
314 3174 478 3247 expugnari
489 3190 551 3231 non
563 3169 742 3229 debuerint.
767 3153 1009 3216 menesium
