2018 3396
96 124 144 170 152
239 102 242 108 '
357 122 384 167 c.
403 119 506 168 sunu
524 117 701 167 cnusnnrs
787 145 796 163 .
869 117 880 139 ⁸

96 209 124 263 Si
137 207 230 276 quain
244 211 325 277 parte
339 207 427 262 nostri
440 207 568 261 laborare
582 202 632 260 'aut
648 205 758 274 gratius
772 205 860 274 premi
877 204 953 258 vide-

95 285 202 350 bantur,
230 300 263 339 co
292 284 370 352 signa
400 284 495 338 inferri
528 283 629 337 Caesar
660 282 802 351 aciemque
829 281 953 349 converti

91 359 225 432 jubebat3
236 377 306 429 quae
318 377 362 414 rea
374 363 404 414 et
416 359 508 413 hostes
522 359 558 412 ad
570 358 769 426 insequendum
781 357 913 411 tardabat
924 361 954 410 et

95 439 204 490 nostros
224 453 273 505 spe
293 437 387 490 auxilii
405 436 591 490 eonsunmlat.
629 434 750 487 Tandem
770 434 900 488 Germani
918 433 954 487 ab

96 512 195 565 dextro
212 512 299 565 latere
317 529 452 566 sununum
466 510 565 578 jugum
583 511 656 563 nacti
673 511 767 563 hostes
783 511 842 563 loco
860 510 954 578 depel-

96 588 172 652 lunt;
190 587 327 654 fugientes
339 604 427 656 usquc
439 587 475 640 ad
488 587 596 653 flumen,
609 585 655 638 ubi
668 586 879 653 Vercingetorix
891 603 954 640 cnm

96 663 272 731 pedestribus
285 662 369 730 copiis
383 662 553 728 consederat,
566 666 770 730 persequuntur
786 662 954 730 complures-

97 755 152 808 que
163 738 338 792 interficiunt.
377 739 437 804 Qua
448 755 479 792 re
488 737 679 792 animadversa
687 737 787 805 reliqui
796 755 831 791 no
840 739 955 790 circum-

97 812 255 868 venirentur
270 814 351 868 veriti
369 831 398 867 sc
414 814 495 882 fugae
511 813 651 867 mandant.
689 813 823 866 Omnibus
838 813 905 867 leeis
922 814 955 868 fit

97 891 209 944 excedes:
221 893 279 943 tres
290 889 450 943 nobilissimi
464 889 555 944 A'edui
569 890 642 957 capti
654 889 690 942 ad
701 889 845 964 Caesarem
856 889 956 958 perdu-

97 971 210 1019 cuntur:
229 965 322 1030 Cotus,
341 965 497 1034 praefectus
521 966 654 1034 equitum,
674 966 721 1034 qui
740 967 954 1020 controversiam

97 1058 158 1096 cam
173 1041 386 1097 Convictolitane
398 1043 528 1111 proximis
541 1042 659 1096 comitiis
671 1042 821 1108 habuerat;
833 1045 862 1096 et
870 1043 955 1097 Cara·

98 1118 182 1185 rillus,
199 1119 245 1187 qui
262 1125 324 1188 post
341 1119 523 1173 defectionem
541 1118 656 1192 Litavici
672 1114 851 1187 pedestribus
868 1121 955 1188 copiis

98 1195 271 1263 praefuerat;
289 1199 318 1249 et
342 1194 521 1263 Eporedorix,
541 1211 596 1264 quo
620 1194 691 1248 dirce
715 1199 781 1249 ante
803 1195 955 1250 adventum

99 1271 222 1324 Caesaris
237 1272 328 1325 Aedui
340 1288 401 1325 cum
415 1271 548 1339 Sequanis
561 1270 633 1324 bello
645 1271 851 1327 contenderant.

152 1353 192 1402 68.
223 1347 329 1415 Fugato
342 1348 415 1399 anmi
427 1347 553 1414 equitatu
562 1347 773 1414 Vercingetorix
782 1349 874 1417 copias
883 1365 953 1416 suas,

99 1425 131 1476 ut
138 1439 188 1491 pre
195 1425 293 1478 castris
300 1424 486 1488 collocaverat,
495 1422 620 1488 reduxit;
636 1423 954 1492 protinusqueAleslam,

99 1499 175 1566 quod
199 1503 241 1553 est
265 1500 396 1568 oppidum
419 1499 640 1568 Mandubiorum,
663 1500 718 1561 iter
740 1502 832 1554 lacere
855 1503 954 1571 coepit,

99 1575 279 1644 celeriterque
297 1575 492 1644 impedimenta
509 1595 544 1631 ex
561 1577 658 1632 castris
669 1577 748 1630 educi
766 1580 796 1630 et
813 1594 843 1631 sc
861 1578 951 1632 subsc

99 1652 147 1719 qui
164 1651 257 1719 jussit.
294 1653 396 1706 Caesar
414 1653 619 1723 impedimentis
637 1653 664 1706 in
682 1653 836 1722 proximum
856 1654 953 1708 collem

99 1727 233 1795 deductis,
251 1729 413 1798 duabusque
427 1729 580 1799 legionibus
596 1731 734 1800 praesidio
748 1730 861 1798 relictis,
879 1748 955 1785 socu-

99 1807 146 1857 tus
170 1809 301 1871 quantum
326 1805 381 1858 diei
405 1809 514 1874 tempus
533 1809 578 1878 est*
593 1823 712 1876 passum,
731 1806 840 1860 circiter
864 1807 954 1861 tribus

100 1879 209 1933 milibus
220 1881 339 1934 hostium
352 1898 387 1934 ex
402 1882 548 1935 novissime
565 1883 674 1950 agmine
688 1882 849 1948 interiectis,
865 1883 954 1936 altero

101 1954 193 2008 dicad
207 1955 328 2010 Alesiam
341 1961 432 2011 castra
445 1958 518 2011 fecit.
553 1957 702 2026 Perspecto
718 1958 795 2011 urbis
812 1958 875 2025 situ,
892 1975 954 2027 por-

99 2031 260 2099 territisque
277 2033 410 2100 hostibus
426 2034 501 2100 quod
519 2034 652 2102 equitatu,
669 2050 724 2102 qua
740 2035 859 2088 maxime
873 2040 955 2103 parte

99 2107 236 2160 exercitus
254 2108 435 2175 confidebant,
453 2113 531 2163 erant
548 2110 627 2177 pulsi,
644 2110 807 2164 adhortatus
825 2110 862 2163 ad
880 2111 955 2164 labo-

99 2199 157 2236 rem
170 2182 272 2236 militcs
286 2183 408 2237 Alesiam
421 2185 624 2239 circumvallare
635 2186 763 2239 instituit.

153 2264 194 2312 69.
230 2259 325 2328 Ipsum
338 2263 398 2313 erat
410 2261 538 2329 oppidum
552 2262 579 2315 in
595 2261 664 2315 colle
679 2276 792 2327 sumine,
805 2260 955 2316 admodum

99 2335 175 2389 edite
187 2335 245 2388 loco
257 2339 289 2389 ut
300 2336 353 2389 nisi
365 2335 506 2390 obsidione
518 2337 669 2406 expugnari
686 2353 767 2406 posse
781 2353 836 2389 non
850 2337 956 2392 ridere-

99 2415 159 2466 tur:
178 2412 256 2480 eujus
268 2411 342 2464 collis
355 2411 461 2466 radices
474 2413 528 2466 <liro
541 2413 647 2466 duabus
660 2429 694 2466 ox
705 2411 830 2481 partibus
842 2411 956 2467 flurnina

71 2519 75 2528 .
98 2487 271 2542 subluebant.
310 2489 384 2542 Ante
402 2488 432 2541 id
450 2490 581 2558 oppidum
605 2489 733 2557 planities
751 2487 863 2542 circiter
880 2490 956 2542 milia

97 2579 226 2632 passuum
238 2564 313 2618 111in
327 2564 526 2632 longitudinem
541 2565 668 2633 patebat:
685 2565 799 2633 reliquis
816 2581 852 2619 cx
868 2566 955 2618 omni-

96 2640 150 2695 bus
162 2640 287 2710 partibus
299 2642 381 2695 celles
392 2642 523 2696 mediocri
536 2641 682 2710 interjecto
694 2641 782 2710 spatio
791 2641 851 2710 pari
861 2641 955 2695 altitu-

97 2717 170 2771 dinis
182 2717 291 2785 fastigie
303 2717 433 2787 eppidrmr
446 2718 600 2786 cingebant.
637 2717 695 2780 Sub
706 2734 793 2786 mure,
807 2734 877 2786 quac
890 2735 955 2785 pars

41 2794 43 2809 '
95 2793 173 2847 collis
186 2793 221 2846 ad
234 2794 367 2848 orientem
384 2795 468 2848 solem
485 2792 636 2862 spectabat,
654 2793 726 2847 bunc
740 2810 847 2847 emnem
865 2793 955 2847 lecum

95 2869 192 2938 copiae
213 2869 350 2925 Gallorum
370 2869 573 2939 compleverant
590 2870 746 2938 fossamque
762 2873 792 2923 et
807 2869 955 2923 maceriam

94 2961 146 2999 sex
157 2947 186 2998 in
203 2945 377 2999 altitudinem
393 2946 495 3016 pedum
511 2947 724 3015 praeduxerant.
760 2945 828 3014 Ejus
844 2947 956 3000 nruniti·

80 3022 145 3072 oms
162 3038 236 3089 quae
255 3022 292 3077 ab
312 3023 449 3080 Romanis
466 3023 666 3079 instituebatur
685 3023 816 3075 circuitus
830 3037 865 3073 xi
879 3023 958 3076 milia

57 3103 203 3172 passuum
220 3100 351 3158 tenebat.
393 3105 500 3160 Castra
514 3099 682 3173 opportunis
688 3097 763 3150 loe‘is
778 3098 860 3146 erant
870 3095 977 3158 posius,

47 3162 158 3233 rbriJuc
173 3179 305 3235 castella
324 3199 407 3238 xxm
425 3185 525 3248 Are-tm
544 3178 653 3253 quilms
670 3175 703 3227 in
721 3168 848 3224 castellis
860 3165 997 3237 laterum
