2018 3396
61 114 92 163 le
315 115 343 164 G.
361 115 380 165 J
382 115 463 166 ULII
479 116 651 165 CAESARIS

62 193 179 246 Romam
196 194 232 247 ad
244 186 369 249 senatum
385 196 491 249 venisse
507 196 638 248 auxilium
649 197 824 265 postulatum,
837 198 912 264 quod

61 269 134 322 solus
146 286 235 337 neque
242 270 424 338 jurejurando
433 289 522 339 neque
532 271 673 325 obsidibus
683 277 833 328 teneretur.
855 274 912 328 Sed

58 345 138 413 pejus
152 345 299 400 victoribus
313 348 445 416 Sequanis
458 365 539 416 quam
555 348 660 401 Aeduis
673 349 753 402 victis
765 350 911 416 accidiss03

57 425 204 490 propterca
224 423 298 489 quod
316 424 478 491 Ariovistus,
491 439 540 476 rex
558 425 763 493 Germanorum,
775 425 804 478 in
816 443 910 480 eornm

59 496 159 550 finibus
171 497 339 552 consedisset
352 500 518 567 tertiamque
530 503 636 568 partem
649 502 708 568 agri
723 501 849 569 Sequani,
863 504 910 569 qui

58 577 131 628 esset
151 574 269 642 optimus
290 575 374 629 totius
393 575 504 642 Galliac,
526 576 717 645 occupavisset,
739 581 767 631 et
786 595 856 631 nune
875 579 911 633 (le

58 651 145 704 altera
156 655 235 719 parte
248 653 332 705 tertia
345 653 483 720 Sequanos
495 652 630 706 decedere
637 652 756 720 juberet
764 658 910 723 propterea

57 727 131 795 quod
151 728 245 795 paucis
265 729 403 782 mensibus
423 731 498 786 ante,
510 727 655 780 llarudum
675 729 751 782 milia
769 729 909 784 hominum

58 818 127 855 xxiv
135 803 246 856 adeum
259 804 396 857 venissent
405 803 503 874 quibus
516 802 590 856 locus
607 820 639 857 ac
651 804 730 857 sedes
740 809 909 873 pararentur.

28 880 41 895 ‘
59 879 193 932 Futurum
211 896 270 933 csso
287 880 379 948 paucis
393 880 469 932 annis
486 880 527 932 uti
540 896 634 933 onmes
647 897 682 933 ex
695 881 799 934 Galliae
810 881 910 935 finibus

58 955 227 1022 pellerentur
244 959 327 1023 atque
345 972 439 1009 onrnes
456 954 583 1008 Germani
604 956 729 1009 Rhenum
746 958 911 1023 transirent3

59 1031 231 1096 nequeenim
247 1031 441 1085 conferendum
459 1048 519 1085 esse
535 1032 668 1085 Gallicum
685 1048 746 1085 cum
762 1032 909 1086 Germano

59 1122 119 1158 rum
139 1123 212 1175 agro,
230 1124 319 1177 neque
338 1107 408 1161 hanc
429 1107 653 1161 consuetudinem
673 1108 762 1162 vietus
783 1125 844 1161 eum
863 1109 910 1163 illa

59 1183 275 1251 comparandam.
314 1184 485 1238 Ariovistum
501 1186 601 1251 autem,
618 1187 650 1238 ut
666 1183 750 1237 semel
769 1183 907 1239 Gallorum

58 1259 149 1326 copias
161 1260 264 1328 proelio
276 1261 379 1329 vicerit,
388 1261 462 1329 quod
471 1260 603 1330 proelium
613 1259 715 1313 laetum
726 1259 762 1313 sit
771 1258 807 1312 ad
816 1260 908 1327 Mage-

58 1334 184 1402 tobriam‚
198 1337 315 1406 superbe
328 1341 357 1392 et
368 1337 517 1391 crudeliter
529 1337 670 1405 imperare,
679 1335 787 1389 obsides
800 1335 908 1389 nobilis-

57 1411 118 1464 simi
137 1412 269 1482 cujusque
284 1414 386 1468 liberes
402 1430 513 1483 poscere
529 1417 558 1466 et
572 1413 599 1465 in
615 1429 661 1466 eos
676 1411 767 1464 omma
783 1413 907 1480 exempla

57 1488 246 1558 calciatusque
267 1490 357 1557 edere,
378 1490 402 1543 si
426 1506 543 1557 quares
562 1506 615 1542 non
635 1488 787 1541 adnutum
807 1488 907 1541 autad

56 1564 225 1618 voluntatem
247 1564 305 1633 ejus
324 1566 397 1619 facta
416 1567 460 1620 sit.
498 1565 644 1617 Hominem
669 1580 728 1616 esse
753 1562 908 1627 barbarum,

55 1638 223 1708 iracundum,
238 1641 413 1694 temerarium
425 1661 431 1704 ;
450 1656 502 1692 non
516 1656 595 1707 posse
609 1637 668 1706 ejus
681 1639 795 1707 imperia
807 1639 908 1692 diutius

56 1715 199 1768 sustinere.
220 1717 246 1768 N
248 1716 280 1769 isi
285 1715 330 1784 [si]
338 1714 405 1783 quid
413 1715 441 1767 in
450 1715 566 1768 Caesare
575 1713 729 1782 populoque
740 1714 862 1768 Romano
873 1717 908 1769 sit

55 1790 154 1853 auxilii,
168 1791 293 1844 omnibus
306 1790 391 1844 Gallis
403 1789 476 1844 idem
490 1807 549 1843 esse
559 1789 713 1842 faciendum
725 1790 799 1856 quod
810 1790 908 1844 llelve-

55 1864 88 1918 tii
108 1865 231 1932 fecerint,
248 1870 280 1920 ut
303 1866 383 1919 domo
399 1866 541 1932 emigrent,
559 1865 634 1918 aliud
652 1863 825 1931 domicilium,
841 1867 908 1919 alias

56 1941 136 1995 seiles
148 1945 267 1995 remotas
279 1959 295 1995 a
308 1940 451 1995 Germanis
460 1945 564 2009 potant,
572 1941 764 2007 fortunamque
773 1957 907 2006 quaecun-

64 2033 108 2082 μω
120 2016 234 2071 ¹accidat
253 2018 435 2086 experiantur.
473 2017 549 2070 llaec
568 2016 591 2070 si
610 2016 752 2070 enuntiata
769 2016 906 2069 Ariovisto

55 2092 116 2159 sint,
134 2097 188 2146 no'n
205 2093 333 2148 dubitare
353 2093 418 2161 quin
435 2093 470 2145 dc
487 2092 612 2146 omnibus
624 2090 764 2144 obsidibus
776 2092 822 2159 qui
834 2093 906 2159 apud

55 2183 118 2221 eum
131 2169 185 2222 sint
197 2171 386 2237 gravissimum
399 2169 561 2236 suppliciam
575 2171 671 2220 sumat.
703 2167 849 2220 Caesarem
862 2168 905 2220 rol

54 2244 217 2298 auctoritate
230 2261 279 2298 sua
293 2250 376 2314 atque
391 2245 534 2310 exereitus,
547 2244 590 2298 vel
605 2242 710 2296 recenti
728 2242 849 2309 victoria,
862 2244 905 2297 vel

54 2319 163 2373 nomine
181 2320 274 2388 populi
288 2321 402 2374 ltomani
416 2321 556 2374 deterrere
570 2336 650 2389 posse
663 2335 698 2372 no
715 2319 804 2387 major
815 2320 906 2373 multi-

54 2393 122 2448 tudo
146 2396 342 2450 Germanorum
369 2397 495 2450 Rhenum
519 2395 719 2462 transducatur,
737 2394 906 2464 Galliamque

55 2486 163 2524 omnem
175 2471 210 2525 ab
225 2473 358 2526 Ariovisti
370 2472 473 2540 injuria
484 2488 564 2540 posse
576 2471 731 2540 defendere.

23 2590 31 2601 ..
107 2553 147 2602 32.
185 2548 246 2601 Hac
265 2549 388 2602 oratione
407 2547 442 2601 ab
464 2547 600 2602 Divitiaoo
623 2546 724 2615 habita,
744 2563 838 2600 omncs
859 2549 905 2616 qui

54 2622 170 2678 aderant
188 2641 287 2693 magne
307 2625 374 2678 fletu
393 2624 523 2677 auxilium
539 2640 556 2677 a
572 2624 688 2678 Caesare
702 2626 797 2690 petere
813 2640 906 2692 coope-

55 2704 126 2755 runt.
162 2700 366 2756 Animadvertit
380 2700 480 2754 Caesar
491 2716 560 2753 unos
572 2715 608 2753 ex
625 2698 749 2752 omnibus
766 2699 905 2767 Sequanos

53 2775 121 2829 nihil
134 2794 227 2830 earum
240 2794 332 2831 rerum
341 2777 431 2830 facere
444 2791 511 2844 quas
520 2775 606 2830 ceteri
614 2776 743 2841 facerent,
752 2774 802 2828 sod
811 2775 905 2829 tristes

54 2851 143 2919 eapite
167 2853 284 2906 demisso
308 2856 410 2906 terram
433 2852 541 2905 intueri.
578 2851 645 2919 Ejus
668 2852 709 2904 rei
732 2868 802 2920 quae
826 2867 906 2907 eausa

55 2930 129 2981 essct
147 2927 262 2981 miratus
279 2944 314 2981 ex
330 2928 396 2997 ipsis
413 2927 537 2997 quaesiit.
573 2927 648 2981 Nihil
666 2927 785 2997 Sequani
797 2944 906 2996 respon·

55 3000 129 3068 dere,
143 3003 193 3056 sod
204 3003 232 3055 in
244 3003 341 3057 eadem
352 3003 467 3057 tristitia
477 3002 555 3056 taciti
568 3019 736 3071 permanere.
769 3003 857 3066 Quum
869 3001 905 3055 ab

54 3075 98 3128 his
116 3079 224 3146 saepius
243 3083 389 3147 quaereret
409 3095 499 3147 neque
517 3079 601 3132 ullam
621 3080 728 3133 omnine
746 3094 839 3132 vocem
859 3094 905 3130 ex·

45 3150 172 3215 primore
176 3157 282 3222 posset,
291 3154 365 3210 idern
377 3154 531 3215 Diuitiaene
539 3154 654 3210 Aeduus
665 3152 823 3224 respondit:
843 3153 905 3208 Hoc
