2018 3396
416 169 420 176 .
468 118 577 166 LIBER
593 117 641 167 Ν,
949 121 978 167 61

128 205 208 258 domo
217 224 224 269 ;
241 204 264 256 si
275 219 358 256 suam
374 199 490 269 gratiam
509 197 625 251 Romani
643 198 736 270 velint,
749 217 829 270 posse
846 199 880 254 iis
897 199 980 253 utiles

126 297 187 334 esse
199 281 314 344 amices;
338 278 381 331 vel
394 275 447 329 sibi
456 267 540 342 bgros
552 273 712 340 attribuant,
726 278 770 332 vel
781 277 922 347 patiantur
934 291 981 329 eos

127 358 222 410 tenere
240 372 308 424 quos
328 355 411 408 annis
428 349 616 419 possederint;
640 367 700 406 sese
720 355 782 407 unis
805 353 901 407 Suevis
921 368 981 406 een-

126 432 229 497 cedere,
248 430 348 500 quibus
368 446 403 483 ne
424 426 463 479 dii
488 427 600 495 quidem
624 427 792 484 immortales
815 446 896 498 pares
920 445 980 482 esse

126 509 243 574 possint:
262 506 397 574 reliquum
411 502 522 571 quidem
534 501 657 556 interris
670 520 730 559 esse
744 506 882 560 neminem
897 520 979 574 quem

127 598 180 634 non
193 599 321 652 superare
332 580 444 649 possint.

179 664 202 712 8.
239 658 287 711 Ad
300 657 368 710 haec
385 671 456 724 quae
472 654 560 706 risum
577 658 620 708 est
637 654 737 710 Cacsar
753 657 911 726 respondit,
928 658 979 710 sed

127 733 217 786 exitus
230 734 283 787 fuit
296 732 438 786 orationis:
458 728 515 782 Sibi
527 729 629 783 nullam
639 748 700 785 curn
709 733 751 786 his
760 734 908 787 amicitiam
918 734 978 786 css'e

126 824 214 876 posse,
234 809 302 862 siin
321 809 409 862 Gallia
426 809 615 870 remanerent;
632 824 721 875 neque
739 825 833 862 verum
852 825 912 862 esse
931 811 977 876 qui

126 900 188 937 suos
204 885 273 940 fines
288 885 360 939 tueri
376 900 430 936 non
446 881 588 950 potuerint
604 882 707 937 alienos
724 901 870 953 occupare3
887 903 977 953 neque

125 960 194 1013 ullos
206 961 235 1013 in
248 961 335 1015 Gallia
351 976 447 1014 vacare
464 974 550 1025 agros,
564 958 611 1025 qui
628 958 688 1012 dari
704 964 799 1014 tantae
815 963 976 1030 praesertim

125 1037 294 1090 multitudini
306 1037 365 1090 sine
380 1035 481 1102 injuria
498 1033 618 1101 possint3
636 1036 685 1088 sed
701 1036 790 1102 licere,
803 1038 826 1090 si
842 1037 935 1104 velint,
946 1038 976 1090 in

126 1110 259 1166 Ubiorum
277 1113 376 1166 finibus
394 1110 541 1177 considere,
556 1127 671 1178 quorum
689 1113 744 1166 sint
758 1113 843 1180 legati
858 1114 932 1181 apud
946 1130 976 1168 se

125 1190 154 1239 ct
175 1187 210 1241 de
232 1189 382 1243 Suevorum
404 1186 511 1254 injuriis
535 1190 687 1254 querantur
707 1192 736 1242 et
756 1204 773 1241 a
793 1205 823 1242 se
844 1189 975 1243 auxilium

124 1265 234 1330 petant:
252 1265 304 1318 hec
316 1282 345 1318 se
359 1262 438 1318 Ubiis
450 1262 654 1330 imperaturum.

177 1345 200 1391 9.
237 1341 333 1407 Legati
345 1341 412 1393 hacc
427 1355 456 1392 se
471 1336 507 1390 ad
523 1354 585 1390 suos
602 1338 737 1391 relaturos
752 1338 883 1393 dixerunt
898 1343 928 1393 et
944 1357 975 1394 ro

125 1413 277 1469 deliberata
294 1418 357 1485 post
373 1415 446 1468 diem
462 1413 575 1467 tertium
592 1413 628 1465 ad
645 1414 789 1467 Caesarem
805 1431 975 1470 reversuros:

124 1488 229 1543 interea
245 1507 279 1544 ne
295 1493 405 1560 propius
422 1506 451 1543 se
467 1492 556 1542 castra
572 1492 694 1557 moveret
706 1490 854 1558 petierunt.
889 1490 915 1542 N
917 1508 932 1545 c
945 1491 974 1544 id

124 1565 236 1631 quidem
251 1567 350 1621 Caesar
362 1567 397 1620 ab
412 1583 441 1619 se
456 1564 598 1632 impetrari
615 1581 695 1633 pesse
711 1565 794 1619 dixit:
811 1573 974 1633 cognoverat

124 1641 196 1694 enim
214 1659 340 1710 magnam
358 1646 465 1711 partem
483 1641 622 1707 equitatus
640 1640 675 1693 ab
692 1640 735 1693 his
753 1641 857 1709 aliquot
876 1641 973 1695 dicbus

124 1719 188 1769 ante
205 1719 356 1787 praedandi
373 1715 613 1783 frumentandique
632 1732 714 1769 eausa
731 1716 767 1769 ad
778 1714 973 1791 ‘Ambivaritos

124 1796 200 1844 trans
213 1793 318 1847 Mosam
331 1796 455 1848 missam:
472 1792 521 1845 hes
534 1792 686 1860 exspectari
698 1793 805 1860 equites
817 1796 901 1860 atque
913 1793 973 1861 ejus

124 1867 164 1919 rei
176 1883 257 1921 causa
268 1886 371 1922 moram
383 1869 520 1936 interponi
531 1866 724 1921 arbitrabatur.

178 1948 216 1997 10.
247 1945 324 1998 Mosa
335 1945 445 2013 profluit
458 1962 491 1997 ex
500 1949 593 1996 monte
603 1943 718 2009 vosego,
728 1943 776 2010 qui
786 1946 828 1996 cst
838 1943 863 1995 in
874 1943 973 1997 finibus

125 2017 283 2086 Lingonum,
302 2023 331 2074 ct
353 2024 432 2088 parte
454 2019 572 2087 quadam
593 2035 628 2072 cx
649 2018 745 2070 Rheno
766 2022 884 2086 recepta,
902 2036 973 2088 quae

124 2094 277 2161 appellatur
300 2095 419 2162 Vahalis,
440 2095 554 2148 insulam
580 2095 663 2148 efficit
686 2094 860 2158 Batavom
882 2112 972 2162 neque

123 2169 229 2236 longius
250 2170 285 2222 ab
305 2171 412 2224 Oceano
431 2170 540 2223 milibus
558 2186 686 2238 passuum
706 2185 780 2222 nxxx
799 2169 826 2222 in
846 2169 971 2223 Rhenum

123 2244 218 2298 influit.
258 2245 369 2299 Rhenus
388 2251 480 2300 autern
500 2247 587 2299 oritur
606 2262 640 2298 cx
660 2246 800 2314 Lepontiis
819 2245 865 2313 qui
885 2245 972 2314 Alpes

122 2319 249 2384 incolunt,
268 2324 297 2374 et
320 2321 400 2388 lenge
421 2321 508 2390 spatio
532 2339 582 2391 per
604 2322 672 2375 fines
695 2320 883 2387 Nantuatium,
906 2322 971 2374 Ilel-

124 2397 265 2462 vetierum,
282 2397 476 2465 Sequanorum,
495 2398 771 2464 Mediomatricerum,
789 2397 972 2464 Tribocorum,

124 2470 296 2524 'l'revirerum
311 2462 411 2525 citatus
425 2473 521 2537 fertur,
537 2476 566 2525 ct
579 2473 626 2526 ubi
642 2473 749 2528 Oceano
764 2473 971 2540 appropinquat,

123 2543 149 2597 in
172 2546 266 2614 plures
289 2547 385 2602 defluit
408 2551 502 2617 partes
525 2549 619 2601 multis
642 2549 850 2616 ingentibusque
875 2547 971 2600 insulis

123 2620 232 2685 effectis,
253 2639 366 2690 quarum
383 2640 447 2692 pars
463 2640 561 2690 magna
578 2641 594 2676 a
609 2624 674 2676 feris
691 2623 869 2690 barbarisque
884 2623 971 2675 natio-

122 2696 202 2749 nibus
215 2697 348 2766 incolitur,
362 2716 394 2752 cx
412 2699 511 2766 quibus
526 2702 589 2752 sunt
605 2699 652 2767 qui
671 2699 791 2768 piscibus
810 2704 894 2766 atque
913 2698 971 2752 ovis

122 2772 211 2826 avium
224 2773 315 2825 rivere
327 2774 525 2841 existimantur,
536 2773 685 2842 multisque
696 2773 831 2842 capitibus
842 2773 870 2826 in
886 2772 970 2826 Ocea-

121 2863 186 2899 num
199 2847 295 2900 inlluit.
628 2861 633 2872 ¹

175 2928 214 2975 11.
250 2921 350 2975 Caesar
361 2938 445 2989 quum
458 2920 492 2974 ab
503 2921 582 2974 hoste
594 2938 649 2974 non
660 2922 779 2988 amplius
787 2937 987 2986 passimam

121 2997 230 3053 milibus
240 2995 356 3063 abesset,
363 3000 397 3052 ut
409 3001 472 3053 erat
480 2991 997 3064 consumendascommeabam?

12 3134 22 3151 ι
114 3075 229 3139 tuntur;
246 3073 293 3145 qui
306 3074 336 3130 in
348 3075 454 3134 itinere
467 3077 620 3148 congressi
628 3087 739 3140 magne
754 3078 851 3132 Qum
861 3053 1004 3105 mm&

95 3150 334 3269 figmeatum
356 3156 498 3213 orabant.
551 3155 659 3222 Qum
677 3147 721 3202 ‘nd
740 3155 811 3195 nem
825 3124 1009 3187 &mquam
