2018 3396
382 135 494 183 LIBER
516 136 581 184 Vll.
663 92 676 114 .
874 140 920 186 129

70 220 252 282 consuessent,
263 214 409 268 insidiandi
421 231 502 270 causa
513 217 569 287 [eo]
581 221 734 286 profectum
748 233 803 284 quo
811 219 922 271 nostros

70 296 182 362 postero
200 291 245 345 die
263 290 424 359 pabulatum
443 295 573 347 venturos
593 295 781 348 arbitraretur.
817 292 923 358 Quibus

72 369 154 423 rebus
165 367 282 434 cognitis
294 367 385 419 media
396 371 477 423 necte
487 369 594 425 silentio
603 372 742 439 profectus
754 370 790 423 ad
802 369 922 423 hostium

71 452 163 500 castra
179 461 260 498 mane
277 445 407 512 pervenit.
446 444 490 497 illi
509 446 636 501 celeriter
659 464 709 516 per
733 445 922 517 exploratores

72 521 195 576 adventu
207 521 331 575 Caesaris
343 521 452 587 cognito
463 538 553 577 carros
565 523 816 592 impedimentaque
831 539 880 576 sua
894 522 922 575 in

72 599 189 652 artiores
206 599 286 652 silvas
305 597 478 665 abdiderunt,
496 599 586 666 copias
604 617 698 654 omnes
715 599 744 653 in
763 599 822 653 loco
846 598 923 652 edito

73 678 158 743 atque
180 679 276 744 aperto
300 675 494 728 instruxerunt.
533 675 593 739 Qua
616 692 647 729 re
670 676 797 729 nunciata
821 675 923 741 Caesar

73 751 202 805 celeriter
214 751 332 805 sarcinas
343 751 468 818 conferri,
482 767 558 804 arma
570 751 695 821 expediri
703 751 795 819 jussit.
873 806 879 816 ,

130 833 168 881 19.
206 827 289 882 Collis
303 831 364 881 erat
380 827 479 880 leniter
496 827 531 880 ab
550 827 642 880 infimo
660 827 780 882 acclivis:
800 826 871 880 huno
889 843 923 879 cx
945 878 956 896 ‚

75 903 200 956 omnibus
221 905 278 957 lere
296 902 420 977 partibus
442 903 520 971 palus
545 903 660 956 difficilis
685 908 768 972 atque
791 902 924 971 impedita

75 980 202 1047 cingebat
213 996 267 1032 non
278 980 360 1033 latior
369 978 486 1046 pedibus
499 995 523 1032 n.
559 979 620 1032 Hoc
637 996 666 1032 se
680 980 748 1033 colle
762 979 924 1048 interruptis

74 1055 203 1123 pontibus
225 1055 297 1109 Galli
315 1055 416 1108 ficticia
435 1055 486 1107 loci
510 1054 693 1122 continebant,
717 1055 924 1122 generatimque

76 1131 218 1184 distributi
229 1132 257 1184 iu
269 1132 394 1185 civitates
407 1132 496 1184 omnia
510 1131 580 1184 vada
596 1147 627 1183 ae
641 1130 727 1184 saltus
741 1129 802 1199 ejus
815 1130 924 1198 paludis

76 1207 171 1276 [certis
183 1207 326 1276 custodiis]
338 1206 506 1273 obtinebant,
519 1207 557 1259 sic
569 1206 658 1259 animo
669 1207 758 1274 parati
770 1209 810 1274 ut,
823 1207 845 1258 si
864 1223 923 1258 em

76 1284 206 1352 paludem
231 1284 348 1337 Romani
370 1299 548 1352 perrumpere
566 1286 736 1350 conarentur,
756 1282 924 1336 haesitantes

76 1363 234 1428 premerent
258 1376 292 1412 ex
316 1360 374 1413 loeo
399 1359 553 1427 superiore;
573 1361 606 1411 ut
626 1358 674 1426 qui
691 1358 924 1426 propinquitatem

76 1435 128 1488 loci
139 1435 248 1489 videret
259 1439 369 1504 paratos
381 1452 466 1503 prope
479 1451 566 1503 aequo
581 1434 672 1487 Marte
687 1433 723 1486 ad
740 1433 924 1487 dimicandum

76 1511 260 1577 existimaret:
289 1511 335 1579 qui
363 1511 536 1580 iniquitatem
560 1509 722 1563 conditionis
744 1509 924 1579 perspiceret,

76 1587 149 1640 inani
169 1587 423 1640 simulatione·sese
447 1590 586 1640 ostentare
610 1589 792 1653 cognosceret.
830 1586 924 1654 Indig-

76 1667 174 1718 nantes
196 1663 298 1717 milites
316 1663 424 1730 Caesar,
442 1662 515 1730 quod
533 1666 707 1730 conspectum
728 1678 807 1715 suum
830 1661 925 1716 hostes

76 1740 148 1793 ferre
159 1742 270 1808 possent
280 1738 387 1792 tantulo
399 1738 487 1807 spatio
498 1737 652 1806 interjectu,
668 1740 698 1791 et
710 1737 816 1805 signum
828 1738 925 1806 proelii

77 1818 263 1884 exposcentes,
276 1814 373 1869 edocet
385 1817 488 1882 quanto
500 1813 666 1866 detrimento
678 1818 708 1868 et
720 1818 788 1882 quot
802 1813 923 1867 virorum

77 1891 189 1944 fortium
212 1893 302 1943 morte
326 1906 435 1943 neeesse
460 1890 496 1942 sit
519 1893 644 1942 constare
671 1889 827 1955 victoriam:
856 1907 925 1959 quos

78 1984 163 2036 quum
175 1967 213 2019 sie
225 1967 314 2018 animo
326 1967 437 2033 paratos
449 1965 543 2018 rideat
553 1969 585 2018 ut
597 1965 702 2017 nullum
709 1970 763 2033 pro
780 1982 829 2018 sua
845 1965 924 2018 laude
965 1977 967 1982 '

77 2042 227 2112 periculum
243 2045 386 2109 recusent,¹
396 2057 517 2094 summac
534 2058 563 2094 se
582 2040 740 2109 iniquitatis
750 2042 925 2094 condemnari
939 2065 950 2081 ·

79 2118 188 2182 debere,
205 2118 257 2170 nisi
274 2133 368 2170 eorum
385 2117 470 2171 vitam
491 2133 539 2170 sua
560 2117 647 2170 salute
665 2117 765 2171 habeat
785 2118 924 2172 cariorem.

79 2195 125 2248 Sic
147 2195 248 2247 milites
271 2193 424 2247 consolatus
448 2193 545 2247 eodem
569 2193 613 2246 die
637 2193 746 2260 reducit
770 2195 799 2247 in
827 2198 924 2260 eastra,

78 2271 240 2339 reliquoque
256 2287 327 2339 quae
342 2269 378 2323 ad
395 2269 624 2339 oppugnationem
640 2268 732 2337 oppidi
750 2270 926 2338 pertinebant

79 2346 271 2400 administrare
282 2345 409 2399 instituit,

132 2429 173 2476 20.
209 2421 418 2490 Vercingetqrix
432 2437 516 2490 quum
532 2420 568 2473 ad
585 2437 648 2473 suos
669 2420 795 2486 redisset,
811 2421 927 2489 proditi-

81 2496 440 2566 onis·insinrulatus,—quod
452 2500 542 2550 castra
553 2497 665 2565 propius
679 2497 815 2549 Romanos
829 2497 926 2551 movis-

81 2577 131 2640 set,
155 2573 228 2640 quod
251 2591 312 2628 eum
335 2573 409 2627 omni
427 2573 553 2640 equitatu
569 2573 747 2639 discessisset,
771 2573 845 2640 quod
868 2573 927 2627 sine

81 2649 194 2717 irnperio
216 2653 308 2704 tantas
329 2649 420 2718 copias
440 2648 604 2715 reliquisset,
626 2648 699 2715 quod
723 2647 783 2715 ejus
808 2647 928 2704 discessu

82 2725 197 2779 Romani
209 2728 288 2779 tanta
299 2725 504 2794 opportunitate
516 2728 545 2778 et
557 2724 698 2778 eeleritate
710 2725 861 2789 venissent:
873 2743 928 2780 non

81 2801 249 2855 haecomnia
263 2802 376 2855 fortuito
390 2805 439 2856 aut
453 2801 511 2855 sine
526 2800 637 2854 consilio
652 2801 776 2855 accidere
793 2802 931 2870 potuisse;

81 2894 195 2946 regnum
219 2877 294 2930 illum
317 2877 421 2932 Galliae
442 2877 522 2931 malle
547 2877 671 2930 Caesaris
694 2894 822 2931 concessu
846 2895 928 2946 quarn

81 2955 201 3022 ipsorum
213 2953 314 3007 habere
326 2953 546 3008 beneficio—tali
555 2953 639 3007 modo
656 2956 809 3006 accusatus
822 2951 963 3020 sensae·

79 3031 236 3098 respondit:
261 3030 340 3092 Quod
352 3035 448 3088 eastra
466 3033 608 3088 movisset
624 3030 738 3084 lactum
748 3023 858 3088 ‘inope
866 3013 1000 3102 ΨΜ.

70 3105 155 3158 etiam
178 3108 248 3177 ipsis
274 3107 482 3169 hortantibus:
510 3110 596 3182 quod
621 3104 752 3177 proprus
765 3095 935 3177 Rbffim‘?
952 3087 1003 3181 (ᾖ

59 3181 192 3238 cessisset
216 3203 399 3257 persuasum
417 3189 482 3247 loci
501 3181 758 3262 opportunitates
776 3182 836 3234 “sm
861 3168 903 3206 Ὦ
922 3153 981 3205 ΧΨ
