2018 3396
452 112 563 168 LIBER
579 118 629 167 IV.
936 123 968 170 59

114 196 298 268 Equestribus
308 197 418 267 procliis
430 213 511 269 saepe
524 216 559 254 ex
570 198 794 281 cquisdesiliunt
805 216 837 255 ae
851 200 968 270 pedibus

114 274 290 343 proeliantur,
305 290 445 343 equosque
464 274 562 328 eedem
578 292 720 330 remanere
738 276 854 344 vestigio
870 277 968 330 adsue

114 349 245 418 lecerunt,
258 349 294 403 ad
306 365 374 419 ques
386 366 416 404 se
432 350 559 404 celeriter
576 368 660 420 quum
676 368 742 405 usus
757 354 801 405 est
816 352 967 421 recipiunt3

115 441 204 493 neque
223 442 318 480 eorum
341 424 462 481 moribus
483 427 591 494 turpius
612 427 762 495 quidquam
782 430 831 481 aut
851 427 967 481 inertius

114 499 232 556 hebetur
243 517 327 571 quam
338 501 475 571 ephippiis
486 502 535 555 uti.
571 502 671 571 Itaque
683 503 720 556 ad
736 504 859 572 quemvis
874 520 967 557 nume-

114 592 174 631 rum
185 576 405 646 ephippiatorum
417 577 542 647 equitum
551 579 673 646 quamvis
682 581 760 647 pauci
769 579 846 632 adire
855 579 965 633 audent.

114 651 215 706 Vinum
226 653 263 706 ad
274 669 305 707 se
316 652 425 706 omnine
436 653 578 721 importari
589 670 643 706 non
655 655 756 720 sinunt,
767 655 841 723 quod
849 671 882 708 ca
890 672 921 708 re
929 656 967 708 ad

113 726 235 783 laborem
242 727 385 782 ferendum
394 728 584 782 remollescere
593 729 717 783 homines
724 734 807 798 atquc
817 730 965 784 effeminari

34 825 38 831 ¹
113 803 290 859 arbitrantur.
382 826 394 845 ·

165 886 190 934 3.
225 879 336 934 Publice
348 880 494 935 maximam
504 883 604 950 putant
614 880 789 936 esselaudcm
800 899 881 952 quam
890 883 965 938 latis-

114 954 181 1009 sime
204 972 223 1009 a
244 956 302 1010 suis
324 955 424 1010 finibus
448 973 543 1010 vacare
566 973 660 1024 agros:
691 957 742 1011 hae
764 974 796 1012 re
819 958 965 1026 significari

113 1046 241 1099 magnum
258 1048 401 1086 numerum
419 1031 571 1086 eivitatium
589 1049 665 1086 sunm
683 1033 737 1086 vim
755 1034 891 1089 sustinere
909 1053 963 1089 non

89 1146 97 1161 .
112 1122 199 1174 posse.
236 1107 336 1176 Itaque
347 1124 402 1160 una
413 1124 448 1160 ex
460 1114 540 1176 parte
552 1123 569 1160 a
581 1107 677 1162 Suavis
692 1109 801 1163 circiter
814 1110 888 1163 milia
903 1127 964 1180 pas-

113 1199 191 1237 suum
204 1198 239 1237 ne
251 1183 310 1251 agri
321 1199 417 1237 vacare
429 1183 563 1236 dicuntur.
600 1183 648 1237 Ad
659 1184 773 1238 alteram
785 1189 892 1253 partem
905 1202 964 1239 suc-

114 1259 215 1313 cedunt
227 1258 300 1326 Ubii,
314 1276 430 1328 quemm
442 1258 496 1312 fuit
508 1258 603 1312 civitas
615 1260 705 1327 ampla
716 1263 799 1327 atquc
813 1260 920 1327 florens,
931 1265 964 1314 ut

113 1338 156 1388 est
172 1338 270 1401 eaptus
288 1334 493 1401 Germanorum,
506 1337 536 1388 et
553 1334 633 1402 paulo
653 1351 734 1402 quam
756 1338 819 1388 sunt
839 1334 963 1403 ejusdem

112 1411 222 1477 generis
234 1414 263 1464 et
274 1410 374 1464 ceteris
390 1409 571 1476 humaniores,
583 1413 730 1479 propterea
746 1410 819 1477 quod
836 1410 962 1464 Rhenum

113 1486 253 1552 attingunt
264 1487 437 1555 multumque
445 1485 482 1538 ad
491 1501 538 1538 ees
547 1489 712 1538 mercatores
721 1485 864 1554 ventitant,
874 1489 903 1540 et
912 1487 962 1555 ipsi

112 1573 227 1630 pnipter
238 1561 469 1630 propinquitatem
479 1559 590 1614 Gallicis
601 1564 665 1614 sunt
674 1561 795 1613 rnoribus
807 1561 963 1616 adsuefacti.

114 1637 175 1690 llos
197 1653 281 1706 quum
304 1636 385 1691 Suevi
406 1636 499 1690 multis
523 1653 604 1704 saepe
626 1636 704 1689 bellis
727 1637 833 1704 experti
851 1642 964 1705 propter

113 1712 321 1781 amplitudinem
338 1713 558 1781 gravitatemque
576 1712 694 1766 deitatis
711 1711 810 1765 finibus
826 1713 963 1782 expellere

113 1804 168 1840 nen
179 1789 338 1857 potuissent,
350 1791 443 1842 tamen
457 1788 605 1855 vectigales
623 1788 674 1841 sibi
691 1789 815 1842 lecerunt
830 1805 862 1841 ae
876 1789 963 1843 multe

114 1863 270 1918 humiliores
281 1863 500 1932 infirmioresque
512 1863 686 1931 redegerunt.

165 1946 189 1995 4.
226 1941 259 1994 ln
272 1941 368 1994 eadem
380 1956 462 1994 caiisa
474 1940 585 1993 fuerunt
602 1940 730 2007 Usipetes
746 1944 776 1995 et
791 1941 962 2006 Tenehthcri,

113 2032 182 2085 ques
193 2033 277 2086 supra
288 2016 413 2083 diximus,
426 2016 473 2084 qui
485 2015 638 2084 complures
650 2032 734 2069 aranos
746 2017 895 2070 Sueverum
907 2018 962 2069 vim

113 2093 314 2158 sustinuerunt;
329 2093 525 2146 adextremum
533 2094 625 2144 tamen
635 2091 708 2158 agris
718 2092 823 2161 expulsi
833 2094 862 2146 et
870 2093 963 2145 multis

112 2167 177 2222 loeis
194 2168 357 2223 Germaniae
373 2168 521 2222 triennium
538 2167 628 2235 'vagati
645 2167 681 2220 ad
696 2167 821 2221 Rhenum
833 2184 957 2236 pervene-

113 2247 185 2313 runt,
196 2261 265 2314 quas
281 2245 407 2312 regiones
423 2243 545 2312 Menapii
561 2243 714 2298 incolebant
730 2246 759 2298 et
770 2244 806 2297 ad
817 2248 963 2311 utramque

112 2318 200 2388 ripam
220 2319 339 2373 fluminis
359 2336 439 2389 agros
456 2319 581 2373 aedificia
599 2320 726 2387 vicesque
744 2319 896 2386 habebant3
913 2318 963 2372 sed

113 2397 206 2448 tantae
218 2394 401 2449 multitudinis
413 2395 490 2449 aditu
501 2396 643 2464 perterriti
656 2412 691 2449 ex
702 2396 736 2448 iis
749 2395 880 2449 aediliciis
893 2410 963 2464 quae

113 2473 189 2524 trans
205 2470 305 2524 flumen
323 2470 476 2525 Inbuerant
493 2471 724 2538 demigraverunt,
736 2475 766 2525 et
781 2471 821 2524 cis
837 2470 962 2522 Rhenum

113 2546 253 2615 dispositis
264 2547 408 2614 praesidiis
419 2546 569 2602 Germanos
578 2547 695 2601 transire
705 2545 892 2614 prohibebant.
917 2543 962 2597 Illi

113 2622 203 2676 omnia
214 2621 329 2690 experti,
342 2639 426 2691 quum
442 2639 531 2692 neque
549 2623 576 2676 vi
593 2622 758 2676 contendere
775 2623 889 2689 propter
905 2619 963 2672 ino-

113 2697 185 2765 piam
207 2697 317 2750 navium
341 2715 429 2768 neque
454 2698 524 2752 clam
547 2698 665 2752 transire
689 2700 802 2766 propter
824 2694 962 2749 custodias

113 2771 302 2842 Menapiorum
311 2779 430 2843 possent,
438 2773 539 2829 reverti
549 2790 578 2829 se
587 2774 614 2827 in
624 2790 686 2826 suas
696 2773 775 2826 sedes
784 2771 962 2839 regionesque

113 2846 352 2916 nummismata
363 2850 448 2904 tridui
460 2850 532 2904 viam
541 2849 677 2919 progressi
686 2863 781 2900 rursus
790 2848 962 2900 reverterunt

112 2924 276 2993 atqueemni
283 2925 438 2980 hecitinere
447 2942 501 2979 una
509 2931 589 2980 noete
598 2924 724 2993 equitatu
732 2921 855 2976 confecto
864 2920 961 2974 inscios

112 2998 338 3069 inopinantesque
358 3001 499 3070 Menapios
517 3001 718 3068 oppresserunt,
730 2997 778 3067 qui
796 2997 832 3052 de
852 2997 962 3051 Germa

113 3090 208 3129 nerum
221 3075 342 3130 discessu
350 3094 400 3146 per
409 3076 595 3146 exploratores
604 3074 734 3128 certiores
743 3074 808 3128 faeti
818 3073 876 3126 sine
885 3077 966 3125 metu

112 3149 331 3209 ramelenum
348 3153 375 3207 in
393 3168 458 3207 suos
472 3151 548 3208 uicos
561 3149 798 3220 relinqueremus
823 3147 988 3201 XRxs'mter-
