2018 3396
411 112 522 162 LIBER
538 111 560 162 Ι.
880 111 910 164 17

61 209 121 246 esso
144 192 312 246 miseriorem
336 195 365 246 ot
387 192 540 260 graviorem
562 191 701 246 forhrnam
725 191 913 260 Sequanorum
958 256 962 262 .

62 286 143 338 quam
161 269 328 338 reliquorum
344 269 419 336 quod
435 268 484 322 soli
498 266 533 322 ne
549 268 578 321 in
594 267 699 322 occulto
711 267 823 337 quidem
835 269 913 337 queri

61 345 287 414 nequeauxilium
295 345 441 417 implorare
449 343 589 410 auderent,
597 343 773 413 absentisque
781 343 913 398 Ariovisti

62 421 252 475 crudelitatem
263 421 338 474 velut
350 421 373 473 si
386 437 476 474 coram
488 420 597 474 adesset
608 419 759 485 horrerent,
768 423 914 488 propterea

63 497 138 565 quod
157 497 271 566 reliquis
291 499 383 550 tamon
404 497 485 565 fugae
505 497 621 550 facultas
642 496 761 560 daretur,
780 495 914 565 Sequanis

62 590 134 641 vero,
142 573 190 643 qui
202 574 275 627 iutra
283 573 352 626 fines
364 588 427 626 suos
437 573 606 626 Ariovistum
615 573 790 642 recepissent,
798 589 914 642 quorum

62 649 163 718 oppida
178 649 268 703 omnia
283 649 312 702 in
325 652 463 718 potestate
479 647 539 717 ejus
554 651 654 716 essent,
671 664 764 702 omnes
778 649 914 703 eruciatus

62 730 155 780 essent
167 726 330 795 porterendi.

116 808 157 856 33.
195 802 247 855 ‚llis
270 802 353 856 rebus
376 801 491 870 cognitis
521 800 622 856 Caesar
645 799 786 854 Gallorum
809 800 914 854 animos

62 879 154 932 vorbis
167 878 343 943 confirmavit,
354 878 546 946 pollicitusque
559 881 602 930 est
614 877 667 930 sibi
683 893 743 941 eam
760 893 818 931 rom
833 894 914 931 curae

62 956 197 1021 futurarm
216 971 343 1023 magnam
362 970 392 1008 se
409 953 511 1007 habere
529 970 605 1022 spem
624 957 653 1007 et
670 953 803 1007 beneficio
822 970 870 1007 suo
886 957 914 1008 et

63 1032 227 1086 auctoritate
245 1031 395 1085 adductum
416 1030 584 1083 Ariovistum
603 1030 686 1082 finem
704 1029 812 1097 injuriis
828 1029 914 1082 factu-

62 1123 131 1160 rum.
168 1106 229 1158 llac
242 1104 620 1158 orationohabitaconcilium
633 1105 743 1158 dimisit.
774 1105 810 1158 Et
822 1122 915 1158 secun-

63 1183 130 1235 dum
151 1198 183 1236 ea
203 1181 306 1235 multae
325 1197 369 1234 ros
388 1197 451 1234 eum
471 1180 653 1234 hortabantur
674 1197 760 1249 quare
782 1180 833 1234 sibi
854 1197 915 1234 earu

62 1275 122 1311 rem
145 1257 318 1326 cogitandam
339 1260 369 1310 et
392 1256 592 1324 suscipiendam
614 1260 743 1324 putarct‚.;
773 1256 914 1325 imprimis,

63 1335 137 1404 quod
161 1334 282 1400 Aeduos
305 1333 405 1387 fratres
430 1333 697 1401 consanguineosque
720 1349 915 1401 saepenumero

63 1428 80 1464 a
92 1414 189 1464 senatu
201 1409 397 1479 appellatoe,i11
409 1409 542 1462 seruitute
555 1411 639 1477 atque
650 1409 678 1461 in
691 1408 795 1462 ditione
804 1409 915 1464 ridebat

1 1494 2 1499 ’
64 1488 261 1540 Germanorum
276 1486 373 1549 teneri,
386 1501 534 1552 eorumque
553 1483 663 1538 obsides
676 1500 737 1538 esse
749 1483 823 1552 apud
835 1485 915 1538 Ario-

63 1560 164 1614 vistum
176 1578 208 1614 ac
220 1562 360 1630 Sequanos
372 1560 544 1627 intelligebat
555 1580 561 1624 ;
579 1560 654 1629 quod
665 1560 693 1613 in
705 1563 783 1614 tanto
800 1560 915 1630 imperio

63 1637 155 1705 populi
180 1638 295 1690 Romani
315 1637 504 1704 turpissimum
525 1636 577 1689 sibi
598 1640 628 1690 ot
648 1637 690 1691 rei
708 1636 834 1705 publicae
855 1654 915 1693 esso
957 1708 960 1713 ι

63 1713 257 1767 arbitrabatur.
293 1714 428 1767 Paulatim
450 1715 543 1766 autem
565 1713 716 1767 Germanos
739 1730 915 1769 consuescere
947 1720 950 1724 '

65 1789 191 1842 Rhenum
203 1790 322 1843 transire
339 1793 368 1843 ot
384 1789 412 1842 in
430 1789 546 1842 Galliam
565 1805 690 1856 magnam
710 1805 804 1843 eorum
823 1790 915 1843 multi-

62 1865 187 1919 tudinem
205 1866 297 1919 venire
314 1865 414 1934 populo
433 1865 556 1917 Romano
579 1865 761 1933 periculosum
785 1866 915 1932 videbat3

63 1958 152 2010 noque
177 1941 228 1996 sihi
251 1941 373 1995 hominos
395 1941 468 1994 feros
496 1957 527 1994 ac
553 1940 684 1995 barbaros
712 1944 915 2011 temperaturos

64 2018 240 2072 existimabat
256 2018 329 2086 quin,
344 2033 428 2086 quum
445 2033 552 2070 omnem
570 2016 685 2070 Galliam
702 2019 914 2088 occupavissent,

63 2097 96 2148 ut
119 2097 182 2148 anto
208 2094 311 2148 Cimbri
339 2093 509 2160 Teutonique
534 2093 670 2160 fecissent,
693 2093 722 2146 in
749 2095 914 2163 provinciam

8 2186 11 2190 ·
64 2170 171 2224 exirem
187 2174 271 2238 atquo
287 2169 352 2223 indo
366 2169 395 2222 in
411 2169 520 2222 ltaliam
535 2169 739 2232 contenderent,
751 2172 912 2238 praesertim

64 2263 149 2315 quum
162 2246 303 2314 Sequanos
315 2263 331 2298 a
342 2244 482 2314 provincia
494 2248 589 2298 nostra
601 2245 751 2299 Rhodanus
763 2246 914 2313 divideret3

64 2322 163 2391 quibus
183 2322 265 2375 rebus
286 2338 368 2389 quam
391 2321 552 2374 maturrime
575 2322 771 2375 occurrendum
791 2322 914 2391 putabat.

65 2397 130 2467 Ipse
141 2401 234 2452 autom
247 2397 403 2450 Ariovistus
415 2399 508 2450 tantos
521 2396 572 2449 sibi
585 2397 705 2466 spiritus,
717 2401 824 2452 tantam
840 2416 914 2453 arro-

63 2475 185 2544 gantiam
197 2476 351 2542 sumpserat
363 2475 395 2525 ut
405 2473 535 2526 ferendus
547 2489 600 2526 non
613 2472 761 2527 videretur.

116 2556 156 2605 34.
187 2550 370 2614 Quamobrem
381 2549 484 2617 placuit
496 2549 521 2602 ei
533 2551 565 2602 ut
577 2549 613 2602 ad
626 2549 796 2603 Ariovistrnn
808 2551 914 2618 legatos

63 2626 189 2681 mitteret
213 2626 259 2694 qui
285 2625 320 2678 ab
348 2641 380 2678 eo
407 2625 579 2692 postularent
604 2625 644 2678 uti
677 2625 795 2693 aliquem
825 2627 913 2682 locum

63 2703 184 2760 medium
202 2703 346 2770 utriusque
365 2701 499 2769 colloquio
519 2701 639 2754 diceret:
661 2700 731 2754 velle
750 2718 810 2755 seso
829 2702 864 2756 de
883 2719 914 2757 ro

62 2778 171 2850 publica
187 2781 216 2832 et
234 2778 347 2832 summis
363 2777 507 2847 utriusque
524 2776 606 2829 rebus
624 2792 686 2829 eum
704 2792 736 2830 eo
756 2793 845 2844 agore.
881 2779 914 2832 lli

64 2855 194 2924 legationi
215 2853 370 2908 Ariovistus
388 2852 546 2920 respondit:
566 2852 595 2904 Si
612 2851 679 2918 quid
694 2851 747 2919 ipsi
763 2868 780 2906 a
797 2852 914 2910 Caesare

62 2947 133 3000 opus
144 2933 225 2995 esset,
237 2946 297 2984 sese
309 2929 345 2982 ad
359 2944 421 2982 eum
434 2930 580 2980 venturum
591 2927 692 2981 fuisse:
710 2928 733 2981 si
746 2928 813 2997 quid
824 2929 870 2983 illo
885 2946 917 2982 se

62 3007 137 3076 volit,
149 3006 225 3060 illum
238 3005 274 3059 ad
291 3021 321 3059 se
332 3004 425 3059 venire
441 3007 578 3072 oportere.
614 3005 777 3058 ‘Praeterea
789 3017 825 3051 se
836 3012 942 3056 desum

63 3085 122 3140 sine
139 3082 261 3137 exercitu
277 3081 307 3136 in
325 3097 373 3136 eas
389 3083 489 3152 partes
506 3080 622 3134 Galliae
637 3078 745 3132 redire
758 3071 877 3126 audere
888 3071 969 3122 mm*

59 3161 163 3218 Cacsar
175 3160 349 3233 possideret.
367 3177 467 3235 neque
485 3159 658 3216 exercitum
678 3152 749 3207 siue
767 3151 887 3203 ΜΨ
908 3137 969 3174 ‘m'
