2018 3396
50 122 86 182 '24
307 130 336 179 O.
354 129 457 179 JULII
473 128 647 178 CAESARIS

52 228 84 265 ac
99 214 241 279 superatas
255 227 322 264 csse.
357 209 388 264 Si
401 209 502 263 iterum
516 209 636 279 experiri
650 208 743 275 velint,
758 211 908 266 scitorum

52 291 179 357 peratum
191 302 251 339 osse
264 287 406 341 decertare
413 307 420 351 3
436 286 458 339 si
471 302 539 355 paee
549 285 592 340 uti
604 285 696 352 velint,
707 285 832 354 iniquum
845 303 908 341 esse

52 363 88 416 de
100 361 236 430 stipendio
249 379 381 426 recursare,
394 361 469 430 quod
482 378 531 415 sua
544 362 686 416 voluntate
699 361 736 414 ad
749 360 781 415 id
794 364 908 431 tempus

15 469 19 477 ·
51 437 240 508 pependerint.
277 438 434 490 Amicitiam
446 437 540 506 populi
552 437 669 491 Romani
680 437 732 491 sibi
744 444 908 495 ornamento

52 517 83 567 et
94 512 229 582 praesidio
242 530 294 566 non
307 512 472 566 detrimento
489 530 550 567 esse
567 517 702 581 opertere,
719 514 804 583 idque
823 533 854 570 se
874 534 909 571 ea

53 606 102 659 spe
114 589 222 657 petisse.
258 589 286 641 Si
300 604 350 656 por
363 588 493 657 populum
509 589 661 642 Romanum
678 590 844 659 stipendium
863 610 907 648 re

52 666 180 718 mittatur
195 668 224 718 ot
239 663 363 717 dediticii
383 663 586 730 subtrahantur,
606 682 660 718 non
677 666 768 720 minus
785 667 909 723 libenter

53 734 113 794 s'cso
128 744 317 794 recusaturum
333 740 425 808 populi
435 740 550 792 Romani
568 740 716 794 amicitiam
729 757 811 808 quam
823 760 908 813 appe-

53 817 137 870 tion't.
174 816 253 881 Quod
281 814 486 869 multitudinem
510 814 707 869 Germanorum
733 817 764 870 in
787 818 907 874 Galliam

52 893 221 958 transducat,
233 892 263 945 id
275 908 305 945 so
318 892 359 945 sui
370 892 511 945 muniendi
521 908 576 944 non
588 891 694 945 Galliae
705 894 907 963 impugnandae

53 985 135 1022 causa
146 969 250 1022 facero:
263 968 323 1035 ejus
334 967 375 1020 rei
388 968 544 1021 testimonio
560 984 620 1021 esse
634 968 710 1036 quod
725 971 778 1025 nisi
792 976 908 1041 rogatus

53 1060 106 1096 non
119 1044 233 1110 venerit,
245 1047 274 1097 et
286 1043 360 1111 quod
372 1042 474 1096 bellum
486 1059 540 1096 non
548 1043 674 1098 intulerit
682 1045 733 1099 sed
742 1046 906 1104 defenderit

54 1120 91 1172 Se
103 1120 178 1188 prius
190 1120 218 1172 in
235 1119 350 1173 Galliam
369 1118 476 1172 venisse
495 1134 577 1187 quam
596 1120 725 1188 populum
744 1122 905 1178 Romanum.

55 1193 210 1263 Numquam
230 1197 294 1248 aute
312 1193 363 1248 hoc
381 1197 490 1263 tempus
508 1194 660 1247 exereitum
678 1196 771 1264 populi
790 1198 906 1253 Romani

55 1271 160 1324 Galliae
172 1271 325 1338 provinciae
337 1270 404 1323 fines
422 1286 569 1337 egressum.
605 1269 678 1333 de
690 1270 741 1324 sibi
757 1273 841 1328 vellet
857 1291 907 1328 cur

53 1345 83 1398 in
107 1364 168 1400 suas
192 1347 374 1414 possessiones
392 1345 516 1399 veniretl
552 1345 721 1399 Provinciam
740 1364 817 1401 suam
836 1348 906 1403 llario

55 1437 116 1476 esso
129 1422 252 1487 Galliam,
265 1423 336 1475 sieut
348 1420 422 1475 illam
438 1423 567 1474 nostram.
601 1421 643 1474 Ut
657 1422 710 1490 ipsi
726 1424 838 1478 concedi
851 1442 906 1479 non

55 1501 202 1565 oporteret,
215 1498 238 1549 si
250 1498 278 1550 in
290 1501 399 1550 nostros
415 1496 483 1550 fines
501 1497 633 1565 impetum
652 1497 763 1565 iaceret,
780 1499 819 1554 sic
837 1500 906 1554 item

55 1588 104 1625 noo
123 1590 182 1627 esse
201 1572 307 1640 iniquos
327 1571 400 1640 quod
419 1572 447 1625 in
468 1588 517 1625 suo
531 1571 596 1640 jure
616 1589 645 1625 se
663 1573 906 1643 interpellaremus

56 1647 136 1710 Quod
159 1650 260 1702 fratres
283 1648 311 1717 [e
335 1650 444 1701 senatus
468 1645 602 1715 consulto]
623 1648 735 1702 Aeduos
756 1650 907 1719 appellatos

55 1722 166 1791 diceret,
181 1742 234 1778 non
247 1741 276 1778 eo
285 1727 342 1777 tam
354 1723 500 1776 barbarum
512 1740 601 1791 neque
612 1726 670 1776 tam
679 1724 837 1793 imperitum
846 1742 908 1781 esse

56 1815 146 1854 rorum
165 1804 197 1854 ut
216 1816 269 1853 non
288 1799 370 1852 sciret
388 1815 477 1866 neque
495 1797 567 1851 bello
587 1798 765 1867 Allobrogum
782 1801 908 1870 proximo

57 1874 171 1929 Aeduos
191 1875 320 1928 Romanis
341 1874 471 1928 auxilium
491 1872 593 1941 tulisse,
612 1891 701 1942 neque
719 1876 792 1944 ipsos
812 1876 841 1930 in
863 1877 909 1933 his

56 1951 280 2018 contentionibus,
306 1967 374 2019 quas
401 1948 492 2003 Aedui
518 1965 609 2002 secum
635 1953 664 2003 et
686 1966 748 2004 cum
772 1952 909 2020 Sequanis

56 2024 223 2093 habuissent,
244 2027 345 2081 arixilio
363 2024 456 2096 populi
476 2024 593 2078 Romani
610 2042 674 2079 usos
693 2043 760 2082 esee.
797 2026 909 2084 Debere

57 2118 86 2154 se
99 2104 229 2172 suspicari
242 2103 368 2157 simulata
380 2103 525 2155 Caesarem
535 2101 661 2168 amicitia,
671 2102 745 2170 quod
754 2103 909 2159 exereitum

56 2177 85 2230 in
105 2179 193 2232 Gallia
212 2179 319 2245 habeat,
342 2179 384 2231 sui
408 2177 580 2246 opprimendi
604 2194 685 2232 causa
708 2178 817 2234 habere.
853 2182 909 2246 Qui

56 2253 108 2307 nisi
121 2255 238 2308 decedat
249 2260 333 2322 atque
345 2253 496 2308 exercitum
509 2253 629 2308 deducat
641 2270 676 2306 ex
687 2254 731 2308 his
739 2255 908 2324 regionibns,

57 2346 117 2384 seso
137 2331 213 2384 illum
233 2346 287 2383 non
307 2346 357 2402 pro
381 2329 468 2382 amico
493 2328 542 2383 sed
565 2346 615 2398 pro
638 2328 717 2382 hoste
740 2329 907 2386 habiturum.

58 2406 138 2469 Quod
151 2406 173 2459 si
186 2423 248 2460 eum
264 2405 442 2471 interfecerit,
459 2405 553 2458 multis
572 2421 633 2459 seso
652 2404 788 2458 nobilibus
806 2406 907 2473 priuci-

57 2482 192 2550 pibusquo
203 2482 296 2550 populi
310 2481 425 2534 ltomeni
437 2485 546 2548 gratum
559 2497 619 2534 esse
628 2481 778 2535 facturum:
789 2481 819 2534 id
829 2498 859 2536 se
871 2483 907 2537 ab

58 2557 124 2625 ipsis
147 2575 198 2626 per
221 2574 315 2610 eorum
339 2557 448 2609 nuntios
471 2560 640 2623 compertum
660 2555 769 2625 habere,
790 2574 907 2626 quorum

58 2633 177 2686 omnium
194 2634 311 2701 gratiam
329 2636 413 2701 etque
427 2632 575 2686 amicitiam
591 2631 651 2700 ejus
667 2635 756 2686 morte
770 2632 908 2689 redimere

57 2712 156 2775 posset.
194 2709 274 2774 Quod
297 2709 319 2762 si
339 2707 502 2761 decessisset
521 2711 550 2761 et
574 2707 688 2762 liberam
707 2708 907 2777 possessionem

58 2784 163 2838 Galliae
175 2785 227 2838 sibi
239 2785 406 2849 tradidisset,
419 2799 518 2850 magno
528 2801 557 2837 se
566 2784 643 2837 illum
652 2783 773 2852 praemio
781 2798 909 2839 remune-

58 2862 190 2928 raturum,
203 2864 231 2914 ot
243 2874 429 2929 quaecumque
441 2857 513 2912 bella
524 2860 584 2928 geri
600 2859 683 2914 vellet
698 2859 757 2913 sine
773 2858 830 2913 ullo
845 2858 908 2927 ejus

36 2982 41 2991 .
58 2933 153 2989 labore
166 2938 194 2989 et
206 2936 327 3003 periculo
339 2934 533 2988 confecturum.

111 3018 151 3064 45.
188 3011 278 3064 Multa
288 3011 324 3064 ab
337 3011 454 3065 Caesare
465 3011 495 3063 in
506 3027 566 3064 eam
579 3012 743 3067 sententiam
756 3010 832 3065 dieta
842 3014 908 3065 unt

59 3102 144 3154 quare
156 3087 265 3154 negotio
277 3087 411 3141 desistore
423 3104 477 3140 non
492 3090 593 3156 posset,
607 3087 644 3141 llt
659 3103 749 3157 neque
766 3101 843 3141 suom
860 3100 908 3139 ne-
