2018 3396
344 450 463 504 LIBER
488 450 684 508 SEPTIMUS.

464 655 566 680 -ο-

91 820 317 888 QuiurnGallia
340 821 448 885 Caesar,
471 823 503 874 ut
526 821 714 891 constituerat,
728 813 761 875 'in
780 822 889 876 Italiam
908 821 943 874 ad

90 900 240 952 conventus
252 897 373 965 agendos
384 897 574 965 proficiscitur.
596 897 646 950 'ibi
658 898 796 965 cognoscit
805 898 840 951 de
853 898 943 952 Clodii

90 974 188 1038 eaede3
207 975 243 1027 de
260 976 426 1042 senatusque
441 972 565 1026 consulto
581 974 684 1027 certior
691 974 787 1028 dactus
804 977 836 1028 ut
850 991 944 1026 omnes

85 1049 209 1118 juniores
233 1049 331 1103 Italiae
354 1048 537 1117 conjurarent,
564 1048 701 1102 delectum
722 1051 782 1102 teta
804 1050 944 1118 provincia

90 1125 192 1179 lrabere
204 1125 331 1179 instituit.
362 1123 419 1177 Ilae
431 1124 516 1176 resin
530 1123 645 1177 Galliam
656 1124 859 1192 Transalpinam
873 1125 942 1179 cele-

89 1202 160 1255 riter
177 1200 362 1270 perferuntur.
398 1198 518 1253 Addunt
530 1199 582 1267 ipsi
596 1205 625 1252 et
641 1200 772 1266 affingunt
787 1200 943 1254 rumoribus

90 1278 162 1330 Galli
174 1275 249 1345 quod
261 1292 306 1328 res
323 1291 435 1344 poscere
448 1273 601 1342 videbatur,
615 1275 729 1329 retineri
747 1275 851 1328 urbano
865 1282 943 1330 motu

90 1354 244 1420 Caesarem,
259 1366 348 1419 neque
366 1351 394 1404 in
409 1351 495 1404 tantis
513 1349 725 1404 dissensionibus
740 1350 776 1403 ad
791 1351 942 1405 exereitum

88 1430 182 1483 venire
198 1443 285 1497 posse.
323 1427 385 1481 Hac
403 1426 512 1495 impulsi
531 1427 677 1493 occasione,
695 1427 741 1492 qui
756 1426 895 1494 jumento
912 1445 941 1481 se

23 1550 26 1555 .
88 1505 183 1574 populi
196 1503 312 1557 Romani
321 1502 434 1570 imperio
446 1501 585 1570 subjectos
599 1502 730 1570 dolerent,
739 1502 851 1555 libcrius
859 1515 942 1572 arque

88 1582 217 1636 audacius
230 1578 349 1633 debello
362 1578 474 1631 consilia
487 1579 555 1632 inire
568 1579 706 1646 incipiunt.
742 1578 858 1632 Indictis
870 1579 943 1633 inter

88 1674 118 1711 se
130 1657 265 1727 principes
279 1654 383 1708 Galliae
397 1655 515 1707 conciliis
530 1654 701 1708 silvestribus
712 1671 745 1708 ac
754 1654 867 1708 rametis
879 1655 942 1709 locis

88 1737 241 1803 queruntur
253 1732 289 1786 de
303 1731 420 1785 Acconis
432 1735 535 1794 rnorte;
548 1748 627 1800 posse
636 1731 707 1784 hune
719 1747 810 1784 casiam
822 1730 858 1783 ad
870 1732 942 1798 ipsos

87 1810 210 1864 recidere
232 1810 439 1873 demonstrant;
460 1808 625 1860 adserantur
645 1823 815 1860 communem
838 1807 942 1862 Galliae

86 1886 238 1950 fortunam3
256 1884 383 1938 omuibus
399 1882 640 1952 pollicitationibus
653 1899 685 1936 ae
701 1883 829 1951 praemiis
844 1883 941 1951 depos·
979 1945 985 1953 ι

87 1965 153 2015 emt
165 1961 212 2028 qui
224 1960 288 2015 belli
300 1959 409 2013 initium
423 1958 524 2013 saciant
537 1962 566 2012 et
579 1959 620 2012 sui
633 1954 730 2027 capitis
744 1958 865 2027 periculo
878 1959 941 2012 Gal-

87 2037 151 2091 liam
168 2038 196 2090 in
214 2029 371 2091 libertatem
392 2034 537 2089 vindicent.
576 2035 644 2104 Ejus
661 2035 785 2103 inprimis
808 2035 941 2088 rationem

87 2114 240 2168 habendam
252 2113 354 2180 dicunt,
373 2113 530 2184 priusquam
543 2129 638 2166 eorum
651 2111 819 2165 clandestina
830 2111 942 2164 consilia

87 2191 241 2257 efferantur,
254 2192 286 2244 ut
300 2189 401 2242 Caesar
413 2187 449 2241 ab
464 2188 586 2242 exercitu
596 2187 804 2241 intercludatur.
835 2186 870 2238 Id
881 2203 941 2240 esse
958 2224 968 2245 .

86 2267 171 2333 facile,
184 2265 258 2334 quod
269 2282 358 2334 nequc
370 2265 492 2334 legiones
511 2264 624 2319 absente
642 2265 807 2332 imperatore
822 2262 941 2317 audeant

86 2359 121 2396 cx
139 2342 261 2396 hibernis
279 2341 382 2408 egredi,
400 2358 490 2409 neque
508 2341 658 2409 imperator
676 2340 734 2392 sino
752 2338 888 2406 praesidio
904 2339 941 2392 ad

85 2418 205 2487 legiones
229 2418 371 2487 pervenire
395 2418 494 2486 pessit:
520 2420 658 2485 pestremo
676 2416 703 2467 iu
722 2417 779 2467 acie
800 2417 941 2482 praestare

86 2495 202 2549 interfici
215 2512 297 2563 quam
309 2510 363 2547 non
377 2498 498 2548 voterem
516 2492 582 2546 belli
598 2492 712 2560 gloriam
728 2490 941 2558 libertatemque

86 2588 168 2640 quam
180 2588 198 2625 a
209 2571 358 2638 majoribus
373 2570 528 2638 acceperint
541 2569 702 2636 reciperare.

138 2653 161 2701 2.
199 2647 252 2700 His
261 2646 344 2700 rebus
356 2648 467 2716 agitatis
480 2647 645 2714 profitentur
655 2643 790 2697 Carnutes
798 2657 827 2694 se
835 2641 940 2694 nullum

84 2724 235 2794 perieulum
248 2725 397 2777 communis
408 2723 503 2777 salutis
513 2738 594 2776 caiisa
602 2735 737 2786 recusare,
749 2718 941 2788 principesque

85 2818 121 2855 ex
136 2800 262 2854 omnibus
279 2799 381 2853 bellum
398 2800 519 2853 facturos
537 2797 707 2866 pollicentur,
719 2798 756 2862 et,
769 2793 896 2861 queniam
912 2793 940 2847 in

84 2877 239 2946 praesentia
252 2876 395 2930 obsidibus
408 2876 480 2930 inter
494 2891 524 2928 se
537 2890 637 2928 cauere
650 2889 713 2926 nou
725 2870 843 2937 possint
852 2881 897 2912 ne
907 2878 965 2935 ass

81 2955 216 3022 efferatur,
231 2957 262 3008 ut
269 2953 508 3024 jurejurandum
519 2952 580 3008 ilde
590 2951 738 3006 sanciatur
749 2943 864 3010 pssum
871 2929 990 3036 cutax

69 3029 239 3085 militaribus
252 3032 424 3105 signisque
437 3051 525 3090 more
536 3046 642 3088 cerum
655 3019 859 3095 musseium
865 3010 954 3054 ψ

57 3103 125 3158 ffl'lw
144 3108 347 3184 eontinentur,
368 3129 406 3170 ne
425 3114 512 3172 sacto
532 3108 627 3168 initio
635 3101 722 3161 *nelli
736 3095 783 3151 al>
801 3071 943 3142 tem-³³
953 3060 990 3106 Μ
