2018 3396
416 105 527 154 LIBER
544 105 566 154 1.
885 109 916 156 25

63 201 119 254 que
130 185 223 254 populi
236 185 351 239 Romani
364 186 588 240 consuetudinem
599 185 658 254 pati
670 186 712 239 uti
724 185 827 254 optime
835 186 917 240 meri-

64 265 108 315 tos
125 261 211 314 socios
228 262 376 329 desereret,
392 279 482 331 neque
501 279 531 315 se
546 261 672 329 judicare
691 261 807 314 Galliam
825 262 917 330 potius

63 353 126 390 esse
147 337 281 390 Ariovisti
301 354 383 406 quam
401 338 494 406 populi
514 337 638 392 Romani.
675 337 753 390 Bello
773 341 916 407 superatos

64 429 126 466 esse
138 415 279 466 Arvernos
291 416 321 466 et
334 413 458 467 Rutenos
470 413 505 466 ab
522 413 553 477 Q.
567 413 654 466 Fabio
669 413 798 479 Maximo,
816 413 916 482 quibus

63 488 180 556 populus
193 489 332 542 Romanus
345 489 494 556 ignovisset
506 505 595 557 neque
610 489 638 542 in
654 488 820 557 provinciam
837 488 917 544 rede-

38 574 41 579 ’
63 563 151 631 gisset
174 581 263 632 nequo
288 564 454 632 stipendium
480 564 663 632 imposuisset.
702 563 782 630 Quod
805 564 827 618 si
848 567 918 620 auti·
949 583 952 586 ⁴

64 640 226 708 quissimum
244 642 373 709 quodque
391 643 502 708 tempus
521 639 640 708 spectari
658 643 806 707 oporteret,
824 641 917 709 populi

65 716 181 770 Romani
191 716 374 783 justissimum
393 733 453 769 esse
470 716 498 768 in
516 715 604 770 Gallia
623 715 782 784 imperium:
802 715 826 768 si
841 715 913 784 judi·

64 792 136 845 cium
151 794 262 846 senatus
278 791 417 845 observari
435 795 582 860 oporteret,
602 791 716 844 liberam
734 791 838 845 debere
856 807 917 845 esse

65 867 181 922 Galliam
194 884 276 935 quam
289 867 360 920 bello
372 867 473 920 victam
485 867 541 920 suis
553 866 661 934 legibus
672 867 715 920 uti
727 866 863 922 voluisset,

117 949 167 998 46..
195 943 268 996 Dum
280 943 348 997 haec
360 944 389 995 in
401 942 534 1011 colloquio
546 946 687 1010 geruntur,
701 942 812 996 Caesari
828 944 918 996 nunti·
982 939 983 943 ’

64 1022 208 1091 1111111ῃο11
226 1019 334 1088 equites
352 1018 485 1072 Ariovisti
502 1018 615 1087 propius
632 1018 768 1071 tumulum
786 1019 917 1072 accedere

64 1098 95 1149 et
118 1093 155 1148 ad
178 1098 287 1148 nostros
311 1095 479 1162 adequitare,
498 1093 604 1161 lapides
629 1094 739 1162 telaque
762 1094 791 1146 in
808 1098 917 1147 nostros

64 1171 207 1238 conjicere.
245 1171 345 1224 Caesar
361 1169 491 1238 loquendi
510 1169 591 1222 finem
609 1169 681 1233 facit,
698 1185 782 1236 seque
800 1169 836 1222 ad
853 1185 916 1222 suos

64 1247 170 1314 reecpit
188 1247 299 1314 suisque
322 1246 467 1314 imperavit
489 1262 524 1298 ne
548 1244 623 1313 quod
646 1244 754 1297 omniuo
777 1245 865 1298 telum
888 1245 916 1298 in

64 1321 159 1375 hostes
176 1321 331 1389 rejicerent.
367 1322 439 1374 Nam
451 1321 505 1374 etsi
522 1321 580 1373 sine
595 1319 651 1372 ullo
668 1320 789 1387 periculo
803 1321 916 1388 legionis

66 1397 189 1451 delectae
214 1414 276 1450 cum
301 1398 427 1466 equitatu
451 1396 584 1464 proelium
609 1395 668 1448 iore
686 1395 805 1462 videbat,
824 1399 916 1449 tamen
951 1393 954 1400 ’

65 1473 292 1526 committendum
304 1489 357 1526 non
369 1472 486 1540 putabat
497 1476 529 1526 ut
540 1470 627 1540 pulsis
643 1470 769 1525 hostibus
785 1471 839 1525 dici
855 1488 916 1538 pos-

66 1552 110 1602 set
134 1564 180 1601 001
204 1547 239 1601 ab
263 1565 293 1602 se
315 1565 366 1616 per
389 1548 473 1601 fidem
497 1548 524 1600 in
551 1546 686 1614 colloquio
711 1546 915 1602 circumventos.

67 1624 251 1692 Posteaquam
262 1624 290 1677 in
303 1625 400 1692 vulgus
412 1623 530 1678 militum
542 1623 645 1677 elatum
658 1625 708 1690 est,
722 1639 776 1690 qua
788 1639 916 1690 arrogan-

65 1700 107 1754 tia
124 1699 153 1753 in
172 1699 305 1768 colloquio
322 1700 483 1759 ,Ariovistus
502 1716 568 1753 usus
586 1699 660 1752 omni
679 1698 767 1752 Gallia
787 1699 916 1752 Romanis

66 1775 262 1842 interdixisset,
275 1775 463 1844 impetumque
475 1775 504 1828 in
515 1779 623 1828 nostros
639 1774 700 1842 ejus
716 1774 825 1842 equites
840 1775 917 1828 iecis-

66 1854 135 1918 sent,
148 1867 237 1920 eaque
255 1867 299 1904 res
316 1851 480 1918 colloquium
493 1855 526 1905 ut
544 1850 707 1918 diremisset,
725 1851 811 1904 multo
829 1850 917 1918 major

66 1926 192 1981 alacritas
204 1927 381 1996 studiumque
392 1927 532 1994 pugnandi
543 1925 632 1994 majus
642 1926 775 1980 exercitui
784 1926 916 1994 injectum
966 1970 970 1975 ,

66 2005 117 2056 est.
890 1997 896 2009 ’

118 2080 160 2135 47.
196 2077 286 2131 Biduo
311 2080 374 2145 post
399 2076 555 2131 Ariovistus
580 2076 616 2130 ad
642 2076 786 2131 Caesarem
811 2077 916 2146 legatos

65 2153 166 2208 mittit:
186 2154 266 2208 Velle
278 2170 308 2207 se
321 2153 357 2206 ds
368 2153 411 2206 his
424 2153 506 2208 rebus
518 2169 588 2221 quae
600 2153 733 2222 intereos
745 2154 790 2222 agi
802 2157 915 2224 coeptae

66 2245 156 2296 neque
175 2229 315 2298 perfectae
330 2232 423 2282 essent
440 2245 521 2296 agere
537 2244 599 2281 eum
618 2245 665 2282 eo:
684 2230 726 2283 uti
746 2233 795 2284 aut
815 2230 916 2284 iterum

66 2305 198 2373 colloquio
211 2304 283 2358 diem
295 2305 483 2371 constitueret,
495 2304 579 2358 autsi
590 2305 620 2357 id
631 2306 720 2359 minus
734 2306 818 2360 vellet
833 2323 849 2360 0
861 2307 916 2360 suis

65 2380 165 2448 legatis
182 2380 300 2447 aliquem
317 2380 355 2433 ad
379 2396 409 2433 se
433 2380 564 2434 mitteret.
601 2381 779 2449 Oolloquendi
806 2382 916 2436 Caesari

66 2472 147 2511 causa
169 2456 227 2509 visa
244 2472 297 2509 non
315 2459 364 2520 011,
382 2459 411 2510 01
429 2472 461 2510 00
479 2457 566 2524 magis
584 2457 659 2524 quod
675 2457 765 2524 pridie
783 2456 915 2526 ejus-,diei

66 2532 197 2586 Germani
209 2531 322 2585 retineri
334 2548 387 2585 non
398 2536 528 2601 poterant
544 2534 611 2601 quin
623 2534 651 2586 in
663 2537 770 2588 nostros
785 2534 841 2588 tela
855 2549 917 2587 eon·

60 2606 187 2676 ,ileerent
225 2608 359 2674 Legatum
375 2609 460 2662 esuis
476 2625 536 2662 sese
552 2626 651 2677 magno
667 2626 729 2663 cum
745 2609 865 2677 periculo
880 2609 917 2663 ad

66 2700 131 2737 eum
142 2685 287 2737 missurum
298 2688 329 2738 et
340 2685 495 2738 hominibus
509 2685 575 2738 ieris
590 2685 762 2752 objecturum
777 2684 917 2739 existima-

65 2758 124 2813 bat.
161 2760 750 2815 (1011111101111111111111111111110110101011111
762 2760 916 2830 Procillum,

67 2835 97 2889 Ο.
111 2835 204 2893 Valeri
223 2835 323 2890 Caburi
342 2837 435 2903 filium,
455 2853 560 2890 summa
578 2837 680 2890 virtute
698 2841 727 2890 ct
745 2837 916 2892 humanitate

66 2911 276 2977 adolescentem,
290 2912 367 2980 cujus
383 2917 461 2980 pater
479 2929 496 2965 a
513 2913 541 2966 C.
561 2912 672 2966 Valerio
692 2913 787 2966 Flacco
805 2913 916 2968 civitate

67 2988 185 3042 donatus
198 2991 265 3048 erat,
279 2992 307 3041 et
324 2993 437 3058 propter
454 2989 535 3041 fidem
553 2993 582 3040 et
598 2992 712 3056 propter
727 2989 841 3049 linquae
855 2990 929 3037 Quat-

66 3064 134 3119 lieae
144 3061 284 3119 scientiam
302 3081 356 3132 qua
368 3064 526 3132 111111111111111
540 3064 630 3117 ailus·
639 3062 880 3126 stuslomgmcqxa
886 3069 955 3100 cmx-
