2018 3396
445 135 557 185 urana
573 135 622 184 iv.
830 99 833 104 ’
914 141 945 190 71

100 218 164 285 post
190 214 323 284 proelium
340 215 377 268 ad
394 214 539 269 Caesarem
555 218 744 285 convenerant,
760 214 834 271 inter
849 233 879 270 se
894 217 948 271 col-

100 291 191 359 locuti,
209 307 293 359 quum
308 292 416 359 equites
439 295 468 344 et
488 309 570 346 naves
591 295 620 346 et
635 293 801 347 frumentum
819 293 948 347 Romanis

102 369 196 424 deesse
203 368 387 437 intelligerent
398 371 427 421 et
440 368 606 436 paucitatem
618 369 734 422 militum
747 387 781 423 ex
796 374 948 423 castrorum
990 436 992 440 Ι

102 445 251 514 exiguitate
261 447 461 512 cognoscerent,
470 461 542 512 quae
553 445 604 498 hoc
613 448 692 498 erant
701 445 783 499 etiam
793 446 949 513 angustiora

103 521 177 591 quod
186 522 243 575 sine
253 520 454 589 impedimentis
467 521 568 574 Cacsar
577 521 697 588 legiones
706 524 948 590 transportaverat,

103 598 236 666 optimum
247 597 320 650 iactu
332 613 392 650 esso
404 596 543 650 duxerunt
555 596 704 651 rebellione
718 597 791 651 facta
808 596 946 651 frumento

104 676 310 742 commeatuque
321 677 429 727 nostros
440 673 586 740 prohibero
598 676 628 726 et
640 689 698 726 reni
714 673 742 726 in
754 674 870 727 hiemem
887 689 949 742 pro-

105 750 212 816 ducere,
226 749 300 818 quod
311 748 354 802 his
366 748 501 817 superatis
520 753 568 802 aut
586 749 678 802 reditu
696 748 850 803 interclusis
865 749 950 803 nemi-

104 841 167 878 nem
175 827 272 893 postea
280 824 344 877 belli
352 825 486 878 inferendi
498 841 579 878 causa
591 825 618 877 in
631 825 801 879 Britanniam
820 825 949 878 transitu-

105 917 166 954 rum
195 899 375 954 confidebant.
413 901 513 969 Itaque
540 917 634 953 rursus
665 900 852 969 conjuratione
878 901 950 954 facta

74 980 82 993 ⁰
105 976 236 1046 paulatim
253 992 287 1030 ox
305 976 401 1030 castris
423 976 564 1029 discedere
587 992 618 1030 ac
642 993 704 1030 suos
726 977 796 1030 clam
819 994 853 1030 cx
877 976 949 1044 agris

107 1052 243 1106 deducere
257 1055 413 1120 coeperunt.
974 1048 977 1053 ’

159 1135 200 1183 31.
237 1130 278 1182 At
291 1128 390 1181 Cacsar
402 1129 454 1182 etsi
464 1128 583 1182 nondum
595 1145 687 1182 eorum
700 1129 949 1195 consiliacognove-

106 1209 158 1273 rat,
170 1208 262 1259 tamen
274 1208 349 1258 etex
362 1207 462 1258 eventu
474 1204 583 1256 navium
596 1221 704 1257 suarum
721 1208 751 1257 et
767 1221 802 1257 ex
817 1220 850 1257 eo
875 1203 948 1270 quod

107 1281 215 1336 obsides
227 1281 293 1334 dare
305 1279 514 1343 intermiserant
526 1280 584 1332 fore
596 1279 626 1332 id
638 1279 711 1347 qnod
723 1280 822 1333 accidit
833 1279 949 1347 suspica-

106 1357 196 1411 batur.
232 1356 332 1424 Itaque
351 1355 388 1408 ad
409 1371 501 1408 omnes
525 1371 603 1408 casus
626 1354 747 1408 subsidia
769 1353 950 1422 comparabat.
989 1356 992 1363 '

108 1433 132 1486 N
136 1449 181 1486 am
193 1436 223 1487 et
234 1433 401 1486 frumentum
414 1448 448 1484 ex
464 1430 538 1498 agris
555 1429 677 1498 quotidie
688 1430 716 1482 in
731 1434 821 1483 castra
831 1428 950 1482 consere-

107 1509 164 1575 bat,
183 1512 212 1562 et
231 1524 301 1577 quae
324 1507 483 1575 gravissimo
511 1505 626 1559 afflictae
650 1509 728 1559 erant
747 1522 837 1573 naves,
856 1521 955 1558 carunr

107 1584 223 1638 materia
235 1587 318 1652 atquc
330 1599 393 1636 aere
409 1583 445 1636 ad
463 1582 583 1650 reliquas
601 1582 761 1636 reficiendas
772 1581 910 1648 utebatur,
922 1585 952 1635 et

109 1677 178 1728 quae
199 1659 235 1713 ad
254 1675 300 1712 eas
316 1674 361 1712 res
380 1661 458 1711 crant
482 1657 542 1710 usui
563 1673 597 1710 ex
618 1658 767 1711 continenti
788 1657 951 1724 comportari

104 1735 228 1805 jubebat.
253 1732 952 1805 Itaqueqnumsummostudioamilitibusadminis-

109 1809 417 1878 traretur,xr1navibus
433 1809 539 1862 amissis
559 1809 671 1877 reliquis
691 1812 722 1863 ut
740 1808 863 1877 navigari
881 1824 952 1860 com-

109 1887 190 1942 mode
204 1890 296 1956 posset
309 1885 405 1940 effecit.

161 1969 201 2018 32.
238 1963 310 2016 Dum
323 1978 356 2016 ca
367 1964 506 2029 geruntur,
518 1961 625 2028 legione
640 1977 675 2014 ex
691 1960 887 2016 consuetudine
899 1977 952 2012 una

109 2041 305 2094 frumentatum
325 2039 414 2105 missa,
434 2054 505 2105 qnao
523 2037 712 2105 appellabatur
724 2038 846 2106 septima,
865 2052 952 2103 nequo

110 2117 164 2170 ulla
171 2115 244 2169 adid
255 2119 364 2183 tempus
376 2113 440 2166 belli
450 2112 601 2180 suspicione
613 2112 779 2181 interposita,
793 2129 877 2182 quum
889 2127 953 2179 pars

109 2193 246 2247 hominum
257 2193 285 2244 in
297 2190 370 2258 agris
382 2191 544 2256 remaneret,
556 2204 620 2256 pars
632 2188 714 2242 ctiam
726 2190 754 2241 in
766 2193 855 2242 castra
866 2189 953 2242 renti-

111 2273 189 2334 taret,
197 2269 215 2321 ii
224 2269 271 2337 qui
283 2283 333 2335 pro
345 2266 432 2335 portis
448 2268 599 2337 castrorum
614 2265 643 2317 in
660 2265 776 2318 statione
793 2268 870 2318 erant
887 2263 953 2318 Cae

111 2346 165 2400 sari
176 2344 371 2398 nuntiaverunt
382 2341 522 2409 pulverem
540 2340 672 2408 majorem
689 2358 771 2409 quam
787 2340 954 2394 consuetudo

110 2422 196 2476 ferret
214 2419 243 2472 in
261 2435 295 2472 ea
312 2421 392 2486 parto
412 2416 507 2483 videri,
527 2432 609 2484 quam
633 2416 661 2468 in
684 2420 791 2485 partem
810 2417 881 2484 legio
900 2416 956 2471 iter

110 2498 226 2552 fecisset.
262 2495 363 2548 Caesar
373 2493 485 2561 idquod
496 2496 556 2546 erat
573 2492 731 2560 suspicatus,
747 2492 850 2560 aliquid
861 2493 923 2545 novi
939 2509 957 2546 a
1004 2500 1007 2509 '

110 2572 233 2627 barbaris
252 2571 351 2624 initum
371 2569 481 2634 consilii,
500 2568 625 2622 cohortes
649 2584 719 2634 qnae
742 2569 770 2620 in
794 2567 957 2620 stationibus

111 2647 190 2703 crant
197 2663 288 2701 seeum
295 2646 323 2698 in
336 2661 396 2698 eam
407 2647 514 2713 partem
526 2643 665 2712 proficisci,
676 2660 709 2696 ox
722 2643 833 2709 reliquis
846 2642 914 2695 duas
928 2642 956 2694 in

111 2725 257 2779 stationem
265 2721 390 2787 cohortes
403 2719 554 2786 succedere,
563 2719 682 2786 reliquas
695 2718 794 2771 armari
806 2721 836 2771 et
853 2718 957 2772 confes-

111 2801 162 2856 tim
171 2816 232 2854 sese
238 2796 368 2864 subsequi
375 2795 467 2863 jussit.
504 2795 593 2859 Quum
609 2795 689 2863 paulo
706 2794 811 2861 longius
828 2811 844 2847 a
861 2795 958 2847 castris

112 2874 296 2946 processisset,
309 2889 371 2926 suos
383 2873 418 2926 ab
433 2871 559 2925 hostibus
574 2870 662 2939 premi
678 2873 762 2939 atque
778 2886 859 2937 aegre
878 2870 958 2922 susti-

112 2968 178 3015 11Ψο
186 2954 216 3005 et
225 2946 348 3003 conferta
358 2949 465 3017 legione
477 2964 511 3001 ox
523 2946 647 3000 omnibus
659 2945 784 3014 partibus
795 2946 851 3000 tela
863 2944 959 3012 conjici

113 3023 314 3082 animadvertit.
346 3008 421 3078 iiam
440 3023 514 3092 quod
532 3022 605 3076 omni
629 3039 663 3074 ox
693 3021 805 3090 reliquis
835 3021 959 3090 partibus

112 3098 239 3157 demesso
250 3099 388 3154 frumento
396 3116 459 3169 pars
465 3115 520 3152 una
532 3101 592 3152 erat
602 3097 982 3163 relicua,susp'xea⁸txmsm

112 3159 1007 3261 hucnostroscsseventurosnoetuinshniscetuuenannaw
