2018 3396
78 118 109 166 98
342 120 369 169 C.
385 119 432 170 «ΠΙ
434 120 488 170 LII
505 119 678 170 CAESARIS
996 181 1003 195 ι

77 217 158 268 quem
172 196 272 254 Caesar
287 198 362 268 apud
378 216 425 253 eos
441 217 537 269 regem
549 200 735 267 constituerat,
747 201 826 271 eujus
841 203 932 260 frater

78 277 244 342 Moritasgus
261 274 382 329 adventu
398 276 427 330 in
444 276 560 330 Galliam
577 276 701 330 Caesaris
720 277 855 346 cujusque
873 297 931 333 rua

72 352 150 420 jores
170 366 284 418 regnum
308 351 490 420 obtinuerant,
510 352 665 407 interficere
687 353 797 422 publico
814 341 932 422 consilio

76 427 173 494 conati,
187 443 272 495 quum
283 426 330 480 illc
342 429 540 496 praesensisset
555 445 588 482 ae
603 429 776 498 profugisset,
788 448 876 500 usque
893 433 932 487 ad

76 503 144 557 fines
158 504 274 557 insecuti
289 519 372 571 regno
389 503 525 573 domoque
540 504 720 572 expuleruut;
741 509 770 560 et
787 507 877 561 missis
892 509 932 562 ad

77 580 220 634 Caesarem
235 579 418 634 satisfaciendi
431 596 512 633 causa
524 580 628 648 legatis,
639 599 723 650 quum
735 583 759 635 is
771 599 880 638 omnem
892 585 931 639 ad

76 673 106 709 se
118 661 242 710 senatum
253 659 347 709 venire
355 656 492 723 jussisset,
501 656 574 710 dicto
587 656 730 712 audientes
741 675 795 711 non
806 659 930 717 fuerunt.

77 733 192 786 Tantum
211 733 286 801 apud
301 732 425 803 homines
441 731 571 786 barbares
583 732 669 787 valuit
686 750 746 788 esse
762 735 869 803 aliquos
884 753 931 791 re-

75 814 169 876 pertos
197 809 333 879 principes
361 809 497 865 inser-eidi
520 808 591 870 belli
616 812 777 878 tantamque
801 812 931 885 omnibus
961 818 966 823 '

76 885 247 940 voluntatum
263 886 503 940 commutationem
519 885 622 953 attulit,
637 890 670 939 ut
685 891 796 955 praeter
813 889 930 944 Aeduos

76 966 106 1016 et
118 961 220 1014 Remos
232 978 300 1030 quos
313 962 458 1031 praecipuo
471 978 581 1030 semper
592 962 695 1015 honore
709 962 809 1016 Caesar
821 963 929 1033 habuit,

76 1038 177 1091 alteros
189 1054 239 1106 pro
252 1041 345 1092 vetere
358 1056 389 1092 ac
400 1041 536 1107 perpetua
548 1055 614 1106 erga
628 1038 758 1106 populum
773 1039 930 1096 Romanum

76 1112 138 1180 fide,
159 1113 261 1167 alteros
284 1131 334 1183 pro
358 1115 515 1168 recentibus
534 1115 631 1169 Gallici
649 1113 714 1167 belli
732 1115 833 1183 officiis,
852 1116 930 1171 nulla

76 1191 133 1243 fore
143 1191 238 1244 civitas
249 1191 334 1245 fuerit
345 1208 399 1243 non
412 1194 539 1259 suspectu
550 1190 636 1244 nobis.
668 1189 758 1258 quue
770 1191 840 1245 adeo
852 1192 929 1248 haud

76 1267 131 1319 seio
145 1267 335 1320 mirandumne
350 1268 394 1336 sit,
406 1284 491 1336 quum
508 1267 692 1335 eorrrpluribus
708 1266 768 1320 aliis
779 1266 815 1320 de
830 1270 929 1338 causis,

76 1347 134 1397 tum
148 1344 266 1397 maxime
279 1343 353 1413 quod
369 1344 389 1396 ii
401 1343 448 1412 qui
460 1344 562 1397 virtute
579 1342 643 1396 belli
659 1342 783 1396 omuibus
797 1344 929 1412 gentibus

14 1476 17 1483 .
76 1419 303 1488 praeferebantur
314 1414 423 1472 tantum
436 1436 465 1472 se
477 1418 538 1487 ejus
548 1417 683 1486 opinionis
695 1417 886 1488 deperdidisse
895 1425 929 1475 ut

8 1532 13 1540 -
76 1513 93 1548 a
111 1496 211 1565 populo
229 1496 351 1548 Romano
367 1495 484 1564 imperia
500 1496 656 1563 perferrent
675 1494 835 1563 gravissime
851 1494 929 1548 dole-

76 1570 149 1625 bant.

128 1655 168 1702 55.
207 1647 310 1702 Treviri
326 1664 391 1702 vero
406 1650 491 1716 atque
505 1643 712 1701 Indueiomarus
728 1646 814 1700 totius
830 1646 929 1702 hiemis

75 1725 179 1778 nullum
189 1729 298 1793 tempus
310 1724 517 1777 intermiserunt
524 1723 589 1792 quin
598 1725 675 1776 trans
685 1721 811 1787 Rhenum
820 1722 929 1790 legatos

76 1801 226 1868 mitterent,
241 1801 366 1854 civitates
383 1800 567 1864 sollicitarent,
580 1799 708 1867 pecunias
723 1798 928 1868 pollicerentur,

77 1893 174 1944 magna
185 1880 265 1945 parte
278 1876 415 1929 exercitus
429 1876 515 1928 nostri
531 1874 677 1928 interiecta
690 1875 778 1928 multo
792 1876 928 1928 minorem

77 1969 218 2021 superesse
237 1952 361 2005 dicerent
378 1954 493 2019 partem.
529 1950 627 2018 Neque
644 1955 736 2004 tamen
754 1950 802 2002 ulli
821 1950 928 2004 civitati

78 2029 275 2081 Germanorum
294 2027 458 2097 ‘persuaderi
477 2026 568 2094 potuit
588 2029 620 2079 ut
641 2026 767 2079 Rhenum
787 2025 928 2097 transiret,

77 2120 161 2170 quum
175 2120 204 2156 se
215 2102 258 2156 bis
275 2107 402 2172 expertos
419 2102 543 2156 dicerent
555 2101 688 2156 Ariovisti
699 2100 771 2154 bello
783 2105 813 2156 et
825 2102 929 2156 'lench-

77 2179 219 2233 tlrerorum
236 2181 369 2246 transitu;
387 2197 441 2234 non
458 2196 518 2233 esse
536 2178 652 2247 amplius
667 2178 805 2232 fortunam
818 2180 929 2232 tentan-

78 2255 148 2309 dam.
185 2255 246 2309 Hac
258 2271 307 2324 spe
318 2256 410 2324 lapsus
421 2255 626 2309 luduciomarus
638 2254 723 2307 nihilo
735 2255 825 2307 minus
837 2255 929 2321 copias

77 2347 186 2399 cogere,
197 2347 331 2396 exercere,
344 2349 360 2384 a
372 2331 496 2386 finitimis
511 2348 596 2400 equos
609 2346 714 2399 parare,
727 2329 835 2383 exsules
851 2328 929 2382 dam·

77 2412 210 2477 natosque
233 2410 295 2461 teta
318 2408 407 2462 Gallia
430 2407 535 2475 magnis
556 2405 686 2474 praemiis
710 2405 746 2458 ad
768 2421 797 2458 se
818 2404 929 2459 allicere

78 2484 174 2553 coepit.
210 2484 252 2537 Ac
265 2488 370 2538 tantam
382 2483 434 2537 sibi
446 2483 505 2550 jam
520 2482 562 2536 his
574 2482 656 2535 rebus
668 2481 696 2533 in
708 2481 796 2534 Gallia
810 2483 929 2534 auctori-

77 2564 164 2612 tatem
177 2564 382 2628 comparaverat
396 2564 427 2612 ut
440 2559 561 2626 undique
578 2557 615 2610 ad
629 2573 691 2610 eum
704 2556 853 2624 legationes
865 2573 929 2610 con-

36 2635 45 2650 ·
78 2627 228 2702 currerent,
240 2636 358 2704 gratiam
371 2640 454 2704 atque
466 2634 612 2688 amicitiam
623 2630 733 2702 publice
744 2631 930 2701 privatimque

46 2768 53 2781 Δ,
77 2715 211 2780 poterent.

41 2786 48 2799 ‘
131 2793 171 2841 56.
207 2788 263 2842 Ubi
275 2789 411 2844 intellexit
423 2790 496 2843 ultro
508 2788 545 2841 ad
556 2804 586 2842 se
598 2785 692 2851 veniri,
702 2785 790 2840 altera
802 2802 835 2838 ex
847 2789 929 2854 parte

80 2863 199 2918 Senones
228 2865 418 2935 Carnutesque
445 2864 611 2918 conscientia
641 2863 768 2915 facinoris
796 2861 928 2929 instigari,

77 2939 167 2991 altera
186 2939 213 2991 Ν
216 2941 303 2995 eruios
321 2939 656 3010 Aduatucosque—bellum
675 2937 804 2990 Romanis
821 2952 928 3005 parare,

57 3027 154 3077 neque
163 3015 223 3070 sihi
234 3019 458 3076 uoluntariorum
470 3018 565 3089 copias
576 3014 674 3070 deiore
686 3011 872 3066 similamus
881 3012 940 3061 suus

34 3090 184 3149 manerii
206 3100 362 3169 coepisset,
389 3101 541 3156 armatum
565 3091 721 3150 concilium
741 3083 864 3159 indicit.¹
886 3080 956 3164 llos

18 3165 110 3213 1²²0&
122 3162 283 3232 Gallorum
297 3181 349 3236 est
364 3179 489 3238 initium
502 3172 589 3244 beili,
602 3183 664 3242 quo
672 3166 746 3232 tage
759 3163 976 3215 mmmmm·
