2018 3396
107 135 139 184 eo
367 133 396 196 e.
414 130 515 181 suan
531 130 705 178 caessara

161 218 202 268 la.
237 212 323 266 Erant
331 211 465 280 ejusmodi
474 211 532 264 fere
541 211 610 265 situs
618 210 779 279 oppidorum
789 214 821 264 ut
830 211 920 280 posita
931 229 958 265 nr

107 288 238 343 extremis
249 288 359 355 lingidis
370 287 618 356 promontoriisque
629 303 719 354 neque
727 286 844 353 pedibus
853 288 958 354 aditum

107 364 248 432 haberent,
261 380 345 431 quum
357 380 391 416 ex
404 362 459 417 alo
473 379 506 422 se
522 368 615 416 aestus
630 363 805 445 incimvisset,
823 363 897 431 quod
916 364 958 420 his

107 439 207 494 accidit
218 455 326 508 semper
337 439 466 492 horarum
477 454 521 492 ΧΠ
533 439 629 507 spatio,
641 455 731 507 neque
746 438 868 507 navibus,
884 442 961 508 quod

107 532 201 569 rursus
212 515 351 568 minuente
363 519 441 568 aestu
452 531 536 569 naves
547 515 576 567 in
585 514 663 568 vadis
672 514 875 570 afflictarentur.
913 516 959 570 Ita

106 595 224 659 utraque
235 607 266 643 re
285 590 447 658 oppidorum
464 589 630 659 oppugnatio
646 589 847 659 impediebatur
856 611 863 657 ;
883 607 915 645 ac
935 592 959 645 si

107 666 216 734 quando
227 665 416 733 magnitudine
428 666 519 734 operis
530 665 601 719 forte
618 665 746 734 superati,
760 670 873 720 extruso
888 668 964 729 mari

106 758 206 809 aggere
218 757 251 795 ae
261 741 385 809 molibus,
397 745 481 810 atque
498 740 540 795 his
557 740 651 809 oppidi
666 741 808 795 moenibus
824 742 962 812 aulaeque,

107 818 150 884 tis,
172 817 228 870 suis
247 817 364 870 fortunis
385 816 531 884 desperare
550 820 704 885 coeperant,
723 833 820 885 magno
843 834 959 872 numero

106 891 214 945 navium
226 893 347 961 apprdso,
356 891 434 960 cujam
445 893 486 946 rei
499 909 632 947 summam
644 892 802 946 facultatem
811 892 958 963 habebant,

107 985 156 1021 sua
174 967 357 1036 deportabant
381 969 471 1021 omnia
486 986 572 1037 seque
588 968 617 1021 in
633 969 758 1038 proxima
774 969 875 1038 oppida
893 971 959 1025 reci-

106 1042 234 1111 piebant:
254 1043 292 1096 ibi
309 1059 339 1097 se
354 1060 449 1097 rursus
465 1045 563 1098 iisdem
580 1045 829 1114 opportunitatibus
846 1046 899 1099 loci
911 1048 958 1101 de-

66 1127 88 1167 r
106 1119 261 1174 tendebant.
298 1119 376 1174 Haec
394 1136 427 1174 eo
447 1120 552 1174 facilius
573 1137 700 1188 magnam
718 1124 825 1189 partem
844 1125 958 1176 aestatis

105 1194 248 1262 faciebant,
262 1195 336 1265 quod
347 1198 458 1249 nostrae
469 1213 552 1249 naves
568 1195 780 1264 tempestatibus
797 1196 958 1251 detineban-

106 1274 160 1337 tur,
181 1286 341 1340 summaque
360 1274 420 1324 erat
439 1275 516 1325 vasto
535 1274 619 1339 atque
638 1275 734 1340 aperto
754 1271 831 1337 mari,
851 1273 958 1340 magnis

105 1347 235 1414 aestibus,
260 1346 337 1409 ‚raris
369 1361 400 1399 ac
432 1362 518 1414 prope
549 1347 629 1400 nullis
656 1347 788 1415 portibus
813 1347 958 1401 difficultas

87 1421 258 1489 erravigandi.

41 1502 78 1541 tw
160 1503 199 1552 13.
234 1499 360 1566 Namque
376 1497 496 1565 ipserum
511 1514 594 1551 naves
613 1498 649 1551 ad
661 1498 733 1552 harre
744 1500 856 1553 modum
867 1500 958 1554 iactae

104 1576 280 1641 armataeque
304 1577 391 1627 erant.
428 1573 543 1626 Carinae
561 1573 701 1640 aliquanto
718 1574 853 1643 planiores
875 1591 957 1642 qaam

104 1651 259 1701 nostrarum
270 1650 386 1716 navium,
398 1666 452 1716 quo
464 1648 570 1776 sstsslglffi
582 1647 652 1700 vada
664 1664 696 1700 ac
708 1648 850 1703 decessum
865 1655 958 1704 aestus

104 1724 231 1791 excipere
241 1728 369 1790 possent3
388 1739 514 1792 proraea
535 1722 646 1776 modum
657 1728 772 1791 erectae,
786 1729 869 1794 atque
889 1725 957 1779 item

103 1815 209 1867 puppes
228 1798 264 1851 ad
275 1799 492 1866 magnitudinem
505 1799 637 1853 fluctuum
650 1795 902 1868 tempestatumque
914 1818 957 1855 ac-

103 1874 307 1939 commodatae;
325 1890 408 1928 naves
427 1877 503 1929 totae
520 1876 609 1929 factae
625 1893 659 1929 ex
671 1876 769 1930 robore
785 1876 820 1930 ad
833 1878 957 1944 quamvis

103 1949 158 2002 vim
175 1953 204 2002 ct
215 1951 406 2003 contumeliam
418 1950 607 2019 perferendam
618 1972 625 2016 ;
639 1955 762 2005 transtra
772 1951 916 2020 pedalibus
928 1953 957 2005 in

102 2024 276 2078 altitudinem
288 2024 413 2079 trabibus
425 2026 530 2079 confixa
542 2025 625 2079 clavis
641 2026 738 2079 ferreis
756 2026 836 2095 digiti
852 2028 957 2095 pollicis

102 2099 300 2176 crassitudino;
320 2116 433 2154 ancorae
445 2117 495 2168 pro
507 2100 617 2154 funibus
629 2101 726 2154 ferreis
738 2103 842 2156 eatenis
854 2103 957 2155 revinc-

102 2178 149 2228 tae
161 2195 168 2241 ;
178 2175 273 2243 ,pelles
289 2176 423 2243 proretis
440 2177 587 2244 alutaeque
602 2177 724 2231 tenuiter
741 2177 887 2246 coniectae,
904 2178 957 2231 hae

103 2250 160 2304 sive
178 2255 292 2319 propter
306 2252 354 2305 lini
373 2253 491 2320 inopiam
511 2257 597 2321 atque
616 2251 676 2319 ejus
694 2270 760 2306 usus
779 2254 956 2321 inscientiam,

103 2326 159 2379 'sive
172 2343 213 2393 eo,
224 2327 299 2394 quod
311 2331 355 2380 cst
366 2329 453 2395 magn
469 2328 624 2394 verisimile,
637 2328 711 2396 quod
726 2331 820 2383 tantas
838 2332 958 2398 tempes-

102 2405 176 2455 tates
195 2402 296 2456 Oceani
315 2407 462 2472 tantosque
478 2403 599 2472 impetus
614 2407 759 2457 ventorum
778 2405 907 2459 sustineri
925 2408 958 2459 ac

102 2481 180 2532 tanta
191 2495 274 2532 onera
285 2479 395 2532 navium
406 2479 465 2546 regi
478 2479 545 2532 velis
561 2495 616 2532 non
633 2480 701 2533 satis
718 2481 860 2534 commode
877 2496 958 2549 posse

19 2572 56 2614 's
102 2547 314 2607 arbitrabantur.
350 2555 419 2609 Cum
430 2554 474 2608 liis
485 2553 599 2607 navibus
611 2559 724 2609 nostrae
733 2555 812 2610 classi
822 2555 957 2623 ejusmodi

102 2646 262 2697 congressus
285 2634 346 2685 erat
368 2634 400 2683 ut
420 2646 475 2682 una
498 2628 640 2683 celeritate
663 2633 693 2684 et
715 2631 796 2698 pulsu
819 2647 957 2685 remorum

102 2709 264 2772 praestaret,
276 2707 382 2774 reliqua
393 2722 443 2773 pro
461 2704 513 2758 loci
528 2708 633 2772 natura,
646 2722 697 2774 pro
714 2706 741 2758 vi
759 2709 957 2775 tempestatum

102 2781 156 2834 illis
168 2785 260 2836 essent
274 2783 380 2850 aptiora
391 2785 421 2834 et
433 2781 685 2835 accommodatiora
718 2781 817 2849 Neque
830 2782 902 2834 enim
914 2781 958 2834 his

102 2861 213 2909 nostrae
232 2866 320 2910 rostro
332 2874 430 2910 nocere
447 2859 580 2924 poterant,
592 2861 671 2910 tanta
687 2858 715 2911 in
733 2856 776 2909 his
796 2861 856 2911 erat
873 2857 957 2910 firmi-

102 2933 179 2998 tudo,
196 2949 287 3000 neque
298 2936 411 3001 propter
423 2931 595 2985 altitudinem
611 2928 691 2988 facile
706 2933 793 2987 telum
812 2932 957 3001 adjicioba

93 3010 147 3073 tur,
161 3011 193 3060 et
205 3008 304 3063 eadem
318 3008 354 3062 de
366 3025 451 3063 causa
462 3007 554 3062 minus
566 3009 710 3062 commode
721 3008 827 3076 copulis
840 3007 960 3058 eontine-

43 3107 46 3111 ·
74 3076 189 3135 bantur:
229 3084 404 3143 Accedebat
419 3089 463 3157 ut,
482 3101 573 3157 quum
589 3085 699 3139 saeuire
714 3086 820 3136 uentus
837 3078 977 3160 usqissai.

17 3220 19 3225 Ι
55 3151 92 3200 eb
100 3168 138 3206 se
151 3162 241 3214 rento
255 3162 424 3236 dedissent,
439 3169 474 3223 et
487 3165 699 3232 tempestatem
710 3156 827 3211 terrent
836 3149 951 3200 laedat*
960 3148 996 3196 ab
