2018 3396
428 127 538 175 LIBER
554 127 637 178 VIII.
914 132 961 180 181

49 272 54 281 Ι
106 205 236 261 tinaciter
247 208 425 264 succedentes
437 206 627 276 vulnerabant,
639 210 672 263 ut
687 211 780 264 tamea
797 227 853 265 non
871 210 965 264 deter-

107 287 235 337 rerentur
250 284 352 339 milites
373 287 461 341 nostri
478 285 572 340 vincas
590 284 715 354 proferre
731 289 816 356 atquc
834 287 963 358 operibus

106 357 227 412 locorum
251 360 359 416 vincere
383 361 567 416 difficultates.
603 361 709 416 llodem
730 365 855 432 temporo
873 366 964 418 tectos

107 434 244 489 cuniculos
256 439 342 503 agunt
353 437 389 491 ad
401 441 485 508 capnt
496 437 588 505 fontis,
602 437 677 506 qued
689 454 776 505 genus
793 439 885 508 operis
903 439 963 491 sine

107 510 162 563 ullo
174 511 295 579 periculo
311 515 340 566 ct
357 514 414 568 sine
433 513 587 583 suspicione
604 513 725 567 hostium
743 514 831 569 faeere
850 514 960 568 licebat

107 586 269 641 Exstruitur
279 604 364 657 agger
375 591 403 643 in
414 589 589 644 altitudinem
602 589 705 658 pedum
720 604 793 657 vnn,
811 591 963 646 collocetur

106 662 134 716 in
147 679 180 716 eo
192 665 280 718 turris.
288 681 307 720 x
320 667 513 734 tabulatorum,
526 683 580 720 non
598 665 710 734 quidem
728 683 799 735 quae
817 665 962 722 moenibus

106 740 338 812 adaequareturl
348 743 377 796 id
388 744 461 797 enim
472 743 554 797 nullis
566 743 694 812 operibus
706 744 775 798 ellici
784 748 902 813 poterat,
911 742 961 796 sed

106 833 177 884 quac
189 822 332 886 superaret
343 819 427 874 fontis
438 819 587 888 fastigium.
622 818 664 872 Ex
676 835 710 872 ea
727 837 810 889 quum
828 819 887 874 tela
905 822 963 872 ter-

106 893 207 947 mentis
226 893 387 962 jacerentur
408 897 445 950 ad
468 896 552 950 fontis
575 895 669 949 aditus
687 911 738 950 nec
759 897 817 950 sine
835 894 961 965 periculo

105 972 217 1036 possent
240 972 337 1039 aquari
358 972 496 1041 oppidani,
525 989 579 1027 non
608 975 717 1026 tantum
745 988 844 1040 pecora
873 989 890 1025 a
925 986 960 1023 uo

102 1043 236 1112 jumenta,
259 1047 310 1100 sed
333 1049 419 1102 etiam
442 1065 542 1116 magna
564 1047 704 1100 hominum
731 1047 882 1101 multitudo
912 1045 961 1100 siti

106 1123 324 1176 consumebatur.

158 1204 199 1249 42.
236 1198 296 1263 Quo
308 1198 382 1250 malo
394 1197 536 1267 perterriti
552 1197 681 1265 oppidani
698 1213 782 1266 cupas
798 1212 871 1264 sero,
888 1197 961 1266 pice,

107 1271 237 1325 scindulis
257 1272 407 1339 complent:
429 1289 476 1326 eas
496 1271 626 1325 ardentes
643 1270 671 1325 in
689 1289 772 1341 opera
788 1273 961 1341 pmvolrunt.

107 1346 213 1400 Eodem
232 1350 358 1415 tempore
381 1348 516 1402 acerrIme
534 1347 709 1416 proeliantur,
728 1351 760 1400 ut
779 1347 814 1401 ab
832 1347 962 1401 inccndio

107 1422 304 1490 restinguendo
317 1422 491 1478 dimicatione
503 1425 532 1476 et
547 1422 667 1492 periculo
685 1421 844 1477 deterreant
862 1423 964 1476 Roma·

107 1515 165 1552 nos.
200 1499 303 1566 Magna
314 1502 430 1567 repente
441 1499 469 1551 in
487 1497 555 1568 ipsis
572 1497 700 1566 operibus
717 1498 825 1552 flamma
842 1498 964 1552 exsistit.

110 1576 303 1642 Quaecumque
315 1575 388 1628 enim
403 1590 454 1644 per
471 1574 561 1628 locum
578 1573 755 1642 praecipitem
773 1574 856 1628 missa
872 1577 964 1639 erant,

109 1667 142 1704 ca
153 1651 239 1704 vineis
251 1653 280 1704 et
291 1666 392 1718 aggere
399 1665 546 1720 suppressa
554 1648 821 1717 comprehendebant
832 1649 863 1703 id
871 1649 964 1719 ipsum

108 1727 182 1794 quod
211 1724 376 1779 morabatur.
411 1725 515 1779 Milites
544 1727 640 1778 contra
668 1725 763 1792 nostri,
793 1740 964 1794 quamquam

108 1802 258 1868 periculoso
278 1818 379 1869 genere
396 1801 493 1870 proelii
511 1801 626 1869 locoque
644 1800 738 1869 iniquo
754 1801 965 1869 premebantur,

109 1882 200 1930 tamen
213 1879 304 1930 omnia
319 1878 493 1947 paratissimo
511 1876 684 1930 sustinebant
702 1876 804 1932 animo:
822 1893 868 1930 res
886 1875 964 1930 enlm

107 1953 256 2020 gerebatur
280 1959 310 2007 ct
334 1952 442 2007 excelso
465 1953 525 2006 loco
548 1955 578 2006 ct
599 1952 629 2005 in
652 1955 799 2020 conspectu
822 1951 968 2006 exercitus

107 2028 202 2096 nostri,
215 2046 385 2098 magnusque
396 2029 536 2097 utrimque
543 2028 645 2082 clamor
652 2027 798 2085 oriebatur.
818 2029 865 2083 Ita
876 2041 967 2096 quam

109 2105 223 2174 quisque
235 2109 345 2174 poterut
356 2104 475 2159 maxime
486 2104 607 2173 iusignIs,
615 2120 670 2174 quo
679 2102 770 2158 notior
776 2105 967 2171 testatiorque

106 2181 194 2236 virtus
206 2181 266 2251 ejus
278 2185 360 2251 esset,
372 2181 436 2236 telis
448 2180 568 2236 hostiurn
580 2181 760 2250 flammaeque
772 2198 801 2235 se
814 2180 965 2234 offerebat.

158 2264 199 2312 43.
237 2258 338 2312 Caesar
350 2274 436 2326 quum
448 2257 602 2327 complures
614 2273 678 2311 suos
692 2256 829 2311 vulnerari
841 2256 968 2319 rideret,

107 2350 141 2387 ex
153 2334 277 2388 omnibus
289 2332 383 2404 oppidi
395 2333 521 2402 partibus
532 2333 659 2387 cohortes
671 2336 791 2387 montem
800 2332 970 2396 ascendere,

108 2413 138 2464 et
148 2411 318 2464 simulatione
334 2409 471 2465 moenium
485 2409 703 2478 occupandorum
720 2408 867 2462 clamorem
881 2404 970 2460 undi-

108 2502 161 2554 que
168 2485 250 2553 jubet
262 2487 366 2541 tollere.
403 2484 464 2550 Quo
478 2485 551 2539 facto
567 2484 709 2552 perterriti
725 2483 864 2552 oppidani
876 2495 970 2551 quum

108 2561 174 2628 quid
188 2566 318 2628 ageretur
333 2561 362 2614 in
379 2561 447 2627 locis
462 2559 576 2628 reliquis
592 2562 685 2613 essent
700 2559 797 2628 ignari,
813 2551 971 2628 [suspensi]

108 2639 237 2690 revocant
253 2635 289 2690 ab
309 2635 503 2705 impugnandis
526 2633 655 2703 oporibus
678 2638 798 2688 armatos
822 2633 971 2700 murisque

108 2712 263 2782 disponunt.
298 2713 345 2766 Ita
360 2711 447 2765 nostri
463 2711 519 2764 line
534 2707 631 2779 proelii
645 2710 718 2764 facto
735 2710 861 2764 celeriter
878 2721 969 2778 opera

109 2788 217 2841 flamma
232 2787 429 2856 comprehensa
446 2786 549 2855 partim
566 2786 748 2853 restinguunt,
760 2787 861 2855 partim
878 2786 973 2839 intet-

109 2863 243 2917 scindunt.
278 2864 369 2927 Quum
391 2861 570 2931 pertinaciter
592 2861 762 2916 resisterent
784 2859 944 2929 eqp'xbm'xs
959 2853 996 2897 ἢ*

104 2938 162 3008 jam
171 2955 269 3006 magna
275 2942 355 3006 parte
362 2954 476 2994 suorum
482 2937 533 2996 siti
539 2930 996 3001 amimtasenmunausmssb‘

106 3019 174 3082 rent,
192 3016 229 3069 ad
246 3019 426 3087 postremum
451 3020 598 3079 cuniculis
621 3035 724 3078 uenae
744 3012 846 3072 tentius
865 2999 996 3057 'mmm‘

95 3095 266 3163 cantatque
282 3112 412 3159 aversae.
454 3103 524 3175 Quo
543 3103 631 3162 iacto
651 3097 833 3159 exhaustus
847 3072 996 3164 *2⁹5⁵*ss

84 3170 182 3225 renuis
195 3176 312 3236 exaruit
329 3178 398 3242 fons
416 3186 613 3262 tantamque
634 3178 756 3241 attulit
773 3159 959 3242 cirilffiss
973 3152 996 3188 ᾖ
