2018 3396
326 331 444 387 Llssun
462 327 667 386 SECUNDUS.

453 507 552 537 -4-

74 651 160 716 Quuu
179 652 252 706 esset
270 649 371 706 Caesar
390 650 419 704 in
439 650 565 705 citeriore
583 648 672 705 Gallia
688 647 717 703 in
734 644 865 716 hibernis,
883 647 924 702 ita

72 727 114 780 uti
144 743 226 794 supra
253 723 503 794 demonstravimus,
533 725 622 780 crebri
647 723 683 777 ad
711 740 774 777 eum
798 739 923 777 rumores

73 801 264 867 afferebantur,
288 801 444 871 litterisque
474 802 541 856 item
567 799 681 854 Labieni
709 799 809 852 certior
836 798 922 852 fiebat

71 893 165 931 omnes
183 877 288 945 Belgas,
301 894 383 946 quam
397 877 510 930 tertiam
525 893 584 930 esse
600 875 705 930 Galliac
722 877 829 942 partem
848 874 924 929 dine

71 971 169 1022 ramus,
182 957 275 1007 contra
287 954 416 1022 populum
432 954 585 1006 Romanum
601 951 744 1020 conjurare
759 949 922 1022 obsidesque

70 1031 142 1084 inter
164 1046 193 1083 se
212 1029 294 1084 dare:
321 1029 481 1097 conjurandi
500 1029 549 1082 has
573 1046 633 1083 esse
656 1045 768 1092 causas3
794 1028 921 1097 primum,

71 1106 146 1175 quod
157 1109 320 1161 vererentur
331 1121 366 1159 no
379 1106 453 1159 omni
464 1109 561 1175 pacata
573 1107 662 1160 Gallia
674 1105 709 1158 ad
724 1121 771 1158 cos
785 1105 922 1158 exercitus

71 1186 164 1236 noster
181 1181 383 1247 adduceretur3
407 1181 607 1251 deindequod
626 1181 661 1234 ab
681 1180 816 1234 nonnullis
837 1181 922 1234 Gallis

71 1259 289 1326 sollicitarentur,
317 1259 420 1327 partim
446 1259 500 1328 qui,
527 1261 561 1311 ut
589 1259 739 1312 Germanos
765 1256 869 1311 diutius
892 1256 922 1309 in

72 1335 162 1389 Gallia
178 1335 281 1389 versari
298 1336 449 1404 noluerant,
466 1336 506 1389 ita
522 1334 615 1404 populi
634 1333 749 1386 Romani
770 1333 920 1388 exercitum

71 1411 191 1465 hiemare
204 1415 289 1480 atque
300 1411 497 1466 inveterascere
508 1411 536 1463 in
553 1410 641 1464 Gallia
655 1409 770 1462 moleste
787 1409 921 1476 ferebant,

72 1487 173 1554 partim
191 1487 238 1554 qui
256 1486 407 1540 mobilitate
425 1491 454 1540 ct
474 1486 586 1540 levitate
605 1484 686 1538 animi
704 1484 781 1538 novis
799 1484 922 1554 imperiis

73 1563 236 1628 studebant;
254 1563 289 1617 ab
298 1562 432 1616 nonnullis
446 1563 535 1626 etiam,
548 1561 621 1630 quod
633 1561 662 1614 in
675 1561 761 1615 Galba
774 1578 791 1615 a
802 1561 923 1630 potenti-

72 1639 165 1693 oribus
188 1646 271 1707 atque
296 1638 330 1691 iis
355 1639 403 1707 qui
426 1638 462 1692 ad
486 1636 675 1691 conducendos
698 1636 922 1707 homincsiacul-

72 1718 145 1768 tates
168 1714 306 1768 habebant
330 1715 410 1783 vulgo
434 1730 520 1782 regna
538 1711 747 1780 occupabantur,
767 1712 812 1780 qui
832 1712 922 1767 minus

72 1790 151 1843 facile
162 1806 223 1843 eam
235 1790 298 1842 romv
307 1790 422 1858 imperio
434 1792 528 1842 nostre
541 1787 669 1856 consequi
680 1791 817 1857 poteraut.

35 1885 39 1891 ·
124 1870 147 1917 2.
185 1865 238 1918 His
260 1865 362 1918 nuntiis
381 1865 536 1933 litterisque
557 1866 707 1932 commotus
731 1864 832 1918 Cacsar
852 1864 941 1919 diras,

72 1941 193 2008 legiones
216 1941 243 1992 in
262 1940 388 1994 citeriore
409 1940 497 1995 Gallia
515 1956 598 1992 novas
616 1939 783 2008 conscripsit,
804 1943 834 1994 et
854 1940 922 1994 inita

72 2020 177 2070 aestate
189 2015 217 2068 in
231 2015 390 2069 interiorem
403 2016 517 2069 Galliam
534 2015 580 2083 qui
598 2015 747 2069 deduceret
760 2015 791 2079 Q.
805 2015 921 2069 Pedium

72 2092 194 2159 legatum
213 2091 293 2143 misit
333 2091 396 2159 lpse
416 2107 499 2159 quum
519 2091 637 2160 primum
656 2090 749 2158 pabuli
767 2092 844 2160 eopia
861 2108 922 2146 esse

72 2167 204 2234 inciperet
219 2166 255 2218 ad
272 2168 421 2219 exercitum
440 2167 531 2232 veuit3
549 2165 597 2219 dat
613 2166 753 2234 negotium
770 2168 922 2222 Senonibus

72 2242 239 2310 reliquisque
252 2241 343 2304 Gallis,
356 2242 402 2309 qui
416 2242 522 2295 finitimi
535 2242 627 2310 Belgis
643 2246 729 2308 crant,
742 2243 782 2296 uti
801 2259 834 2296 ea
851 2260 930 2312 quao-

72 2321 145 2386 apud
171 2331 223 2371 cos·
245 2323 377 2385 gerantur
406 2322 568 2387 cognoscant
597 2335 682 2388 seque
711 2318 747 2372 do
772 2318 921 2380 hisrebus

72 2393 217 2448 certiorem
237 2393 344 2447 iaciant.
382 2394 421 2446 lli
440 2398 596 2449 constanter
616 2410 709 2448 omncs
727 2395 921 2448 nuntiaverunt

72 2485 167 2522 uranus
185 2469 252 2537 cogi,
270 2469 420 2523 exereitum
440 2470 467 2522 in
485 2486 568 2523 unum
589 2470 677 2523 locum
694 2469 816 2523 conduci.
852 2469 921 2522 Tum

72 2561 138 2599 vcro
152 2545 334 2599 dubitandum
353 2562 405 2599 non
423 2545 589 2598 existimavit
603 2544 669 2612 quin
687 2545 724 2598 ad
738 2561 784 2598 ces
801 2544 921 2613 proficis-

72 2626 147 2675 ccrct
148 2638 188 2675 ur.
225 2620 267 2675 nc
280 2615 458 2674 frumentaria
475 2622 631 2688 comparata
646 2624 705 2673 east
706 2637 737 2673 ra
756 2624 858 2675 movet
865 2621 921 2674 die·

46 2700 49 2707 “
72 2695 212 2795 busque
190 2696 253 2750 circi
256 2700 299 2751 ter
310 2711 348 2750 xv
360 2696 396 2749 ad
409 2695 476 2748 fines
489 2695 636 2779 Belgarum
648 2696 789 2764 pervenit.

45 2778 74 2793 ‘
124 2772 225 2826 3,Εο
248 2788 332 2840 quum
353 2771 418 2826 de'
410 2771 556 2839 improviso
580 2771 747 2840 celeriusque
771 2772 843 2840 omni
865 2772 920 2842 cpi-

72 2848 152 2902 nione
176 2848 301 2915 venisset,
322 2847 409 2914 Remi,
434 2847 481 2916 qui
499 2847 618 2916 proximi
642 2848 746 2901 Galliae
769 2865 803 2902 ex
827 2848 920 2936 Belgis

74 2924 192 2989 suntad
205 2941 267 2977 cnm
279 2925 384 2992 legatos
397 2925 540 2977 Iociumct
557 2922 805 2977 Andecumborium
816 2923 920 2992 primos
954 2968 957 2972 .

74 2997 193 3053 civitatis
206 2999 293 3069 [suno]
305 3000 439 3054 miserunt
451 2999 507 3070 [qui
522 2999 656 3077 dicerent]
669 3001 703 3056 Sc
716 3017 818 3070 sitaque
829 2999 920 3054 arania
