2018 3396
85 112 116 159 18
333 107 362 158 C.
381 108 483 158 JULII
501 108 674 158 CAESARIS

83 193 177 244 meatu
195 193 279 258 atque
298 188 495 259 [obnelimento
513 191 542 243 iu
560 207 644 244 unuin
660 192 749 245 locuni
772 193 938 249 contrahere

82 284 182 336 posse;
209 267 260 320 sibi
280 271 374 321 autem
395 267 493 320 mirum
519 268 606 321 rideri
628 268 696 336 quid
719 269 747 321 in
772 285 821 322 sua
845 271 937 325 Gallia

83 360 166 412 quam
190 343 261 397 bello
285 344 393 397 vicisset
411 347 460 397 aut
481 343 592 398 Caesari
620 347 669 398 aut
698 344 806 398 omnine
836 347 937 415 populo

84 419 208 473 Romano
220 420 324 487 negotii
336 423 418 474 esset.
650 416 658 430 ’
922 412 932 433 ‘

52 511 68 523 ·’
136 503 177 551 35.
214 496 266 549 His
290 496 427 564 responsis
444 496 480 549 ad
500 496 643 550 Caesarem
662 496 757 550 relatis
774 496 875 551 iterum
898 501 937 553 ad

82 588 145 625 euin
163 573 262 626 Caesar
277 572 381 639 legatos
397 588 459 624 cum
475 572 518 625 bis
529 572 666 626 mandatis
677 572 780 627 mittit:
800 574 936 638 Quoniam

82 650 161 701 tante
174 664 222 701 suo
233 648 383 716 populique
396 648 512 701 Romani
524 647 657 701 beneficio
675 649 796 714 allectus,
809 667 893 718 quurn
906 651 936 706 in

83 724 225 778 consulatu
248 741 297 778 suo
321 741 369 778 rex
392 727 476 793 atque
494 724 596 777 amicus
620 740 637 776 a
660 728 757 778 senatu
781 726 936 794 appellatus

83 804 163 863 esset,
175 800 245 854 lianc
260 800 314 854 sibi
329 801 484 869 populoque
501 801 623 853 Roaiam
637 801 755 868 gratiam
770 802 886 856 referret
901 807 935 858 ut

82 876 110 928 in
134 876 297 945 colloquium
322 876 415 930 venire
438 877 570 930 invitatus
593 880 755 944 gravaretur
783 894 871 945 neque
897 878 935 932 de

82 953 266 1006 communire
289 951 434 1005 dicendum
454 951 505 1005 sibi
530 956 559 1006 et
577 953 792 1021 cognoscendum
813 956 934 1021 putaret,

47 1034 51 1039 '
82 1027 149 1082 hace
167 1045 228 1082 esse
246 1045 317 1096 quae
339 1027 428 1081 abeo
451 1029 619 1096 postularet:
646 1029 772 1097 primum,
792 1045 826 1102 ne
850 1046 934 1097 quarn

82 1104 287 1158 multitudinem
305 1103 445 1157 lrominum
462 1103 578 1173 amplius
596 1108 673 1158 trans
691 1104 816 1158 Rhenum
829 1106 856 1158 in
869 1105 934 1160 Gal·

82 1180 147 1234 liam
169 1181 378 1244 transduceret;
408 1179 508 1234 deinde
532 1181 641 1234 obsides
666 1197 734 1249 quos
757 1180 872 1235 haberet
897 1182 933 1236 ab

83 1256 190 1311 Aeduis
209 1257 348 1329 redderet,
361 1257 548 1326 Sequanisque
565 1256 741 1325 permitteret
757 1261 789 1311 ut
805 1274 874 1326 ques
892 1258 933 1312 illi

81 1332 216 1388 haberent
245 1334 385 1389 voluntate
415 1332 475 1402 ejus
504 1333 622 1388 reddere
645 1334 699 1387 illis
722 1335 835 1400 liceret;
863 1351 932 1389 nero

83 1409 196 1464 Aeduos
219 1410 320 1478 injuria
341 1411 487 1464 lacesseret
510 1427 579 1464 neve
603 1409 645 1464 his
676 1409 809 1479 sociisque
837 1427 931 1464 eorum

81 1485 184 1540 bellum
202 1487 324 1540 inferret.
360 1487 388 1540 Si
407 1487 436 1539 id
451 1487 491 1540 ita
506 1487 624 1554 iecisset,
637 1487 689 1541 sibi
707 1487 861 1556 populoque
877 1486 932 1540 Ro

81 1577 163 1616 mano
176 1567 336 1631 perpetuam
351 1563 466 1641 gratiam
488 1565 573 1630 atque
591 1563 737 1616 amicitiam
758 1579 819 1616 cum
840 1580 872 1616 eo
890 1564 932 1616 lu-

81 1639 189 1693 teram:
212 1638 236 1691 si
257 1655 310 1691 non
332 1638 499 1705 impetraret,
518 1654 585 1704 sese,
603 1639 729 1705 quoniam
752 1639 790 1691 M.
814 1639 932 1693 Messala

82 1712 121 1767 M.
134 1706 232 1767 Pisone
249 1712 404 1766 consulibus
421 1716 532 1766 senatus
548 1714 704 1780 censuisset,
715 1715 764 1780 uti,
778 1715 932 1784 quicunque

83 1788 200 1842 Galliam
218 1788 382 1856 provinciam
401 1783 633 1857 obtineret‚'qued
650 1788 791 1842 commodo
809 1791 849 1843 rei
864 1792 932 1858 pub-

81 1863 150 1918 licae
169 1864 260 1918 iacere
280 1866 379 1932 posset,
403 1863 516 1917 Aeduos
539 1868 699 1931 ceterosque
719 1865 820 1917 amieos
838 1869 932 1934 populi

82 1939 199 1993 Romani
216 1939 386 2008 defenderet,
398 1955 427 1993 se
445 1939 607 1992 Aeduorum
624 1939 738 2007 injurias
755 1956 808 1992 nou
826 1941 932 2008 neglec-

46 2060 51 2067 „
82 2018 183 2069 turum.

134 2096 175 2145 36.
212 2090 259 2144 Ad
277 2090 345 2145 haec
364 2091 520 2145 Ariovistus
538 2091 697 2158 respondit:
715 2092 768 2145 Jus
788 2109 848 2146 esse
866 2092 932 2147 belli

80 2169 113 2220 ut
125 2166 172 2234 qui
183 2166 312 2220 vicissent
323 2167 357 2221 iis
369 2183 437 2235 quos
449 2167 577 2227 vicissent
589 2167 818 2236 quemadmodum
829 2169 932 2225 vellent

80 2242 265 2311 imperarent:
294 2243 361 2296 item
385 2243 515 2312 populum
540 2245 692 2297 Romanum
715 2244 795 2299 vietis
817 2261 872 2298 non
895 2247 932 2300 ad

80 2317 193 2372 alterius
209 2319 408 2387 praescriptum
425 2319 473 2373 sed
490 2318 527 2372 ad
543 2336 621 2373 sunm
637 2319 781 2374 arbitrium
795 2320 931 2389 imperare

80 2410 232 2448 consuesse.
268 2394 297 2448 Si
314 2395 373 2463 ipse
390 2396 490 2464 populo
513 2395 635 2449 Romane
659 2412 713 2448 nen
730 2397 931 2464 praescriberet

81 2470 310 2538 quemadmodum
329 2488 378 2525 suo
394 2472 459 2540 jure
477 2474 610 2539 uteretur,
621 2487 675 2525 non
693 2476 820 2540 opertere
838 2490 931 2528 scsca

80 2548 181 2617 populo
205 2547 327 2601 Romane
350 2547 379 2600 in
403 2564 451 2602 sue
471 2547 536 2616 jure
559 2547 693 2616 impediri.
730 2548 844 2603 Aeduos
871 2549 930 2612 sibi,

80 2624 209 2692 quoniam
220 2624 285 2678 belli
297 2624 434 2679 fortunam
447 2629 601 2680 tentassent
613 2628 642 2679 et
653 2624 737 2678 armis
749 2625 885 2692 congressi
900 2642 932 2679 ae

79 2700 202 2769 superati
214 2703 313 2767 essent,
325 2700 515 2770 stipendiarios
528 2716 588 2755 esse
600 2701 693 2755 factos.
722 2701 851 2768 Magnam
865 2701 932 2754 Cae·

80 2792 169 2830 sarem
188 2777 315 2846 injuriam
334 2776 424 2831 faeere
443 2777 491 2844 qui
510 2792 559 2830 suo
578 2777 699 2831 adventu
717 2775 861 2844 vectigalia
880 2776 932 2830 sibi

81 2851 219 2906 deteriora
237 2853 347 2906 faceret
384 2851 491 2906 Aeduis
512 2869 541 2906 se
560 2852 670 2906 obsides
685 2852 861 2907 redditurum
877 2868 931 2904 nen

80 2952 149 3001 esse,
160 2950 250 3002 neque
266 2932 310 2986 his
327 2947 417 3001 neque
434 2947 529 2986 eorum
547 2933 626 2986 sociis
643 2931 743 3001 injuria
758 2924 932 2986 bellumilla·

79 3015 181 3076 turum,
205 3009 228 3062 si
251 3009 279 3062 in
301 3011 497 3064 comanerent
520 3006 594 3077 quod
624 3010 801 3077 convenisset,
829 3009 932 3077 stipen-

81 3085 212 3152 diumque
224 3083 369 3152 quotannis
380 3085 546 3153 penderent:
563 3083 585 3137 si
597 3083 627 3137 id
638 3100 692 3138 nou
705 3085 841 3154 fecissent,
852 3084 932 3152 longe

45 3206 58 3243 ί,
80 3158 115 3214 iis
130 3159 281 3215 fraternum
296 3175 394 3215 nomeu
409 3159 502 3231 populi
518 3158 635 3216 Romani
650 3159 815 3217 abluturum.
852 3160 933 3228 Quod
