2018 3396
422 125 535 175 menn
552 73 614 175 rr.0
831 168 834 172 ,
898 125 944 174 111

96 219 132 258 ne
149 219 203 271 qna
219 202 321 257 oriatur
337 204 468 272 pecuniae
484 204 627 272 cupiditas,
645 219 699 272 qua
715 219 749 258 ex
766 219 797 257 re
814 201 947 256 factiones

97 279 334 347 dissensionesque
353 283 516 344 nascuntur;
534 282 567 333 nt
583 279 666 332 animi
681 279 821 346 aequitate
838 277 946 346 plebem

97 355 260 421 contineant,
277 371 360 423 quum
377 370 440 408 suas
456 355 572 424 quisque
590 371 656 424 opes
672 372 734 410 cum
750 354 947 424 potentissimis

97 431 209 498 aequari
222 431 323 486 rideat.

149 513 189 560 23.
226 506 392 561 Civitatibus
414 508 534 562 maxima
557 509 617 562 laus
640 511 684 563 est
708 524 789 576 quam
813 507 949 562 latissime

96 582 196 636 circum
209 601 239 637 se
251 583 365 637 vastatis
378 583 477 636 finibus
489 585 649 638 solitudines
665 583 774 638 habere.
811 584 872 637 Iloc
885 601 947 653 pro

97 659 185 727 prium
203 659 313 713 rirtutis
337 659 503 725 existimant,
520 660 648 728 expulsos
666 660 739 728 agris
756 660 886 712 finitimos
903 674 946 713 co-

98 735 164 788 dere
177 753 267 804 neque
279 753 442 805 quemqnam
459 737 544 804 profic
561 735 662 789 andere
679 736 841 788 consistere:
861 735 943 790 simul

97 809 147 864 hoe
161 813 190 864 se
205 813 264 865 fore
281 814 397 865 tutiores
417 811 587 864 arbitrantur
608 812 766 879 repentinae
784 812 944 865 incursionis

97 887 196 941 timere
214 887 328 940 sublato.
365 889 455 952 Quum
473 887 574 940 bellum
593 889 688 941 civitas
706 891 754 941 aut
771 887 877 940 illatum
897 889 945 941 ‹ie-

96 963 184 1031 fendit
206 968 255 1016 aut
273 963 364 1028 infert,
378 963 554 1031 magistratus
573 965 620 1032 qui
640 964 664 1017 ei
683 964 755 1017 bello
774 964 895 1032 praesint
914 966 947 1017 ut

97 1039 169 1091 vitae
182 1039 311 1107 necisque
322 1038 443 1092 habeant
455 1043 621 1108 potestatem
635 1040 801 1107 deliguntur.
833 1039 867 1092 In
878 1055 946 1108 paee

97 1113 187 1167 nullus
200 1118 243 1168 est
259 1115 408 1167 communis
433 1117 617 1182 magistratus,
636 1119 684 1168 sed
702 1115 836 1183 principes
855 1116 945 1183 regio-

98 1206 162 1242 num
175 1193 259 1259 atquo
271 1207 402 1259 pagorum
415 1190 487 1243 iuter
500 1207 563 1244 suos
571 1190 618 1257 jus
628 1191 723 1243 eliciant
736 1193 946 1244 controversias·

10 1325 15 1343 ,
98 1283 151 1334 que
163 1267 296 1320 minuunt.
327 1267 481 1320 Latrocinia
493 1267 595 1320 nullam
604 1267 706 1321 habent
715 1267 863 1335 infamiam,
874 1285 945 1336 quae

97 1346 176 1395 extra
187 1342 256 1395 finos
270 1342 401 1410 cujusque
417 1343 535 1396 civitatis
552 1343 628 1410 fiunt,
641 1346 725 1411 atque
742 1360 775 1396 ea
792 1342 946 1410 juventutis

98 1419 266 1472 exercendae
276 1435 307 1472 ac
316 1418 438 1472 desidiae
447 1419 610 1472 minuendae
619 1435 700 1472 cansa
709 1419 768 1472 fieri
778 1419 945 1488 praedicant.

99 1497 193 1564 Atque
205 1494 253 1548 ubi
266 1495 326 1562 quis
338 1495 549 1564 exprincipibus
561 1495 589 1548 in
601 1495 712 1548 concilio
726 1495 796 1548 dixit
806 1513 834 1548 se
848 1495 945 1549 ducem

96 1571 163 1638 fore,
176 1572 223 1640 qni
235 1572 312 1638 sequi
325 1571 409 1625 velint
421 1572 616 1640 profiteantur3
635 1575 802 1639 consurgunt
818 1571 837 1623 ii
854 1572 900 1638 qui
917 1574 946 1625 ot

97 1664 205 1701 cansam
218 1651 247 1700 et
258 1647 394 1700 hominem
404 1646 527 1715 probant,
536 1663 669 1715 suumque
679 1647 808 1700 auxilinm
818 1647 946 1714 pollicen-

98 1728 237 1792 iuratque
249 1723 284 1775 ab
296 1723 472 1776 multitudine
484 1723 685 1777 collaudantur:
701 1723 747 1791 qui
759 1739 792 1775 ex
805 1722 846 1774 his
859 1724 945 1777 secuti

97 1816 151 1852 non
168 1807 231 1851 sunt
247 1799 274 1851 in
292 1798 462 1851 desertorum
479 1816 510 1852 ae
526 1798 695 1866 proditorum
714 1814 825 1850 nurnero
844 1797 946 1850 ducun-

98 1870 151 1940 tur,
162 1874 336 1942 omniumque
348 1874 390 1926 nis
402 1892 492 1927 rernm
506 1879 601 1942 postea
610 1874 678 1927 fides
692 1874 847 1941 derogatur.
875 1874 945 1926 ilos-

97 1949 419 2018 piternri:÷larefas11011
436 1953 547 2018 putant;
569 1949 615 2017 qui
633 1966 793 2016 quacunque
810 1950 845 2002 de
863 1966 945 2003 causa

97 2024 134 2078 ad
146 2041 192 2077 eos
206 2031 345 2091 venerunt,
355 2026 389 2078 ab
400 2026 499 2093 injuria
508 2025 654 2094 prohibent
664 2030 825 2093 sanctosque
835 2026 945 2092 habent,

97 2100 195 2168 hisque
207 2100 326 2153 cnsilium
339 2101 436 2153 demus
448 2104 545 2170 patent
558 2101 699 2169 rictusque
712 2102 933 2156 communicatur.

149 2182 190 2230 24.
228 2179 270 2230 lic
293 2177 345 2230 fuit
369 2179 450 2230 antea
473 2180 581 2245 tempus
601 2194 684 2245 quum
705 2177 855 2230 Germanos
876 2178 946 2231 Galli

97 2251 200 2306 virtute
218 2256 386 2319 superarent,
403 2252 476 2305 ultro
491 2252 562 2306 bella
578 2253 719 2320 inferrent,
731 2257 845 2322 propter
862 2255 946 2307 laomi-

97 2344 162 2380 num
190 2329 394 2381 nmltitudinem
417 2328 539 2396 agrique
567 2328 684 2397 inopiam
714 2332 791 2382 trans
819 2329 945 2382 Rhenum

98 2404 216 2458 colonias
239 2405 389 2458 mitterent.
428 2404 527 2472 ltaque
546 2420 579 2457 oa
599 2421 669 2472 quae
689 2404 857 2458 fertilissima
878 2407 946 2458 Gor-

97 2481 203 2534 nianiae
233 2484 297 2533 sunt
324 2480 382 2534 loca
410 2480 512 2534 circum
541 2481 706 2549 Hercyniam
736 2481 838 2546 silvam,
864 2498 945 2549 quam

98 2556 273 2610 Eratostheni
281 2560 309 2610 et
317 2556 480 2624 quibusdam
488 2557 600 2610 Graecis
608 2557 780 2609 iarnanotam
789 2573 848 2608 esse
856 2557 945 2624 video,

98 2648 180 2699 quam
197 2632 236 2684 illi
254 2632 397 2702 Orcyniam
414 2633 559 2701 appellant,
572 2632 673 2685 Volcae
690 2633 853 2698 Tectosages
869 2647 946 2685 ocen-

97 2712 232 2776 puverunt
257 2712 341 2776 atque
365 2707 402 2760 ibi
428 2708 616 2762 consederunt.
655 2710 729 2772 Quae
751 2724 818 2774 gens
839 2707 874 2760 ad
896 2708 946 2762 hoe

98 2787 206 2850 tempus
231 2783 272 2836 iris
296 2783 406 2837 sedibus
431 2800 490 2837 sese
514 2784 636 2837 eontinet
655 2799 842 2850 summamque
861 2783 946 2839 habet

94 2859 221 2927 justitiae
233 2865 262 2913 ct
279 2860 391 2912 bellicae
408 2859 496 2912 laudis
516 2860 682 2927 opinionem:
700 2875 772 2914 nnnc
791 2876 899 2927 quoqne
917 2861 945 2912 in

99 2935 195 2989 cadem
210 2935 308 3004 inopia,
325 2939 456 3003 egestate,
473 2937 608 3005 patientia
623 2953 681 3004 qna
695 2936 835 2989 (leuraam
846 2948 963 3005 qma

97 3014 169 3077 nent,
190 3011 285 3066 eodem
306 3013 381 3067 victu
406 3017 437 3068 et
460 3013 541 3069 cultu
565 3013 695 3081 eorporis
716 3010 856 3061 ninutas.
889 2995 991 3046 ⁹2an

87 3089 180 3140 autem
202 3087 368 3145 Provinciae
387 3091 600 3163 propinqffii‘ei
618 3092 654 3144 ssi
670 3074 951 3148 iransmar‘marxxm
961 3069 1005 3132 ῥα

51 3174 140 3231 ‚sum
165 3164 274 3224 notitia
296 3169 394 3227 multa
428 3170 469 3227 ad
502 3169 627 3242 copiam
659 3165 762 3230 atique
786 3157 869 3200 iffi
891 3121 1001 3184 KQ*
