2018 3396
392 114 503 162 LIBER
525 113 589 162 VII.
874 117 918 162 141

73 196 158 264 bonis,
177 196 252 266 quod
275 211 309 249 ea
331 211 376 248 res
400 194 436 247 ad
459 192 558 246 multos
582 193 746 261 pertinebat,
771 201 800 248 et
823 192 938 248 timore.

73 290 176 342 poenae
195 271 328 339 exterriti,
340 271 452 325 consilia
468 271 537 324 elam
551 271 587 324 de
606 271 677 324 bello
696 271 765 324 inirc
783 272 923 340 incipiunt,
960 300 964 311 κ

73 351 253 418 civitatesque
288 347 424 416 reliquas
442 346 624 414 legationibus
656 347 809 403 sollicitant.
847 350 923 414 Quae

73 425 185 479 tametsi
213 424 315 479 Cacsar
343 423 523 490 intelligebat,
550 427 643 476 tamen
671 440 753 492 quam
780 425 923 479 mitissime

73 505 166 570 potest
185 500 292 568 legatos
311 500 446 568 appellat:
469 499 544 552 Nihil
566 516 596 553 sc
616 503 730 568 propter
753 501 923 554 inscientiam

73 577 269 645 levitatemque
286 576 359 643 vulgi
376 576 486 644 gravius
504 576 540 628 de
558 576 671 629 civitate
682 575 817 646 judicare,
834 593 923 644 neque

74 654 109 706 de
122 653 211 706 suain
224 654 338 707 Aeduos
350 652 539 705 benevolentia
554 651 722 706 deminuere.
758 653 823 722 Ipso
839 653 924 721 majo-

73 746 132 782 rem
156 729 260 783 Galliae
278 733 383 782 motum
402 731 570 797 exspectans,
591 745 626 782 ne
647 728 683 782 ab
701 729 827 782 omnibus
850 729 924 799 [eiri-

74 804 188 874 tatibus]
201 806 456 871 circumsisteretur,
469 805 581 858 consilia
593 804 680 858 inibat
692 805 922 874 quemadmodum

73 881 109 934 ab
133 881 268 949 Gergovia
292 880 448 934 diseederet
471 896 501 934 ae
525 896 618 933 rursus
641 897 748 934 omnem
773 883 921 934 exercitum

74 956 254 1023 contraheret,
279 973 313 1009 ne
336 955 469 1024 profectio
492 959 558 1009 nata
581 955 616 1009 ab
639 956 738 1010 timore
762 957 921 1011 defectionis

74 1033 169 1087 similis
180 1035 262 1102 fugae
273 1033 420 1086 rideretur.

52 1113 64 1135 ⁶
126 1115 167 1162 44.
204 1109 280 1162 Haec
296 1108 427 1176 cogitanti
441 1109 565 1162 accidere
584 1109 641 1162 visa
658 1112 702 1162 est
718 1110 835 1163 facultas
853 1111 923 1164 bene

74 1185 212 1252 gerendae
224 1185 272 1238 rei.
307 1184 332 1236 N
335 1201 379 1236 am
393 1201 479 1252 quum
490 1186 594 1238 minora
605 1185 634 1236 in
650 1189 742 1238 eastra
756 1186 846 1252 operis
862 1205 923 1255 per·-

75 1261 208 1330 spieiendi
227 1277 309 1314 causa
330 1260 457 1334 qenissot,
477 1260 671 1313 animadvortit
690 1260 794 1326 collem,
819 1263 864 1328 qui
888 1262 923 1315 ab

74 1336 199 1390 hostibus
211 1338 366 1403 tenebatur,
377 1337 510 1389 nudatum
518 1335 677 1403 hominibus,
685 1337 732 1403 qui
740 1337 924 1403 superioribus

76 1413 172 1466 dicbus
184 1414 228 1466 vix
243 1431 309 1482 prae
325 1412 500 1465 multitudine
518 1411 592 1485 cerui
610 1415 726 1480 poterat.
762 1411 924 1467 Admiratus

75 1489 190 1566 quaerit
203 1507 236 1543 ex
257 1489 378 1559 perfugis
398 1505 515 1554 causam,
536 1504 651 1555 quorum
670 1504 784 1555 magnus
802 1488 838 1541 ad
862 1505 924 1542 cum

75 1565 198 1632 quotidie
218 1582 348 1618 uumerus
365 1564 537 1618 confluebat*
561 1563 711 1618 Constabat
732 1564 804 1618 inter
823 1581 924 1632 omnes,

76 1641 151 1709 quod
169 1640 229 1709 jam
252 1641 311 1710 ipse
335 1641 436 1695 Caesar
458 1657 508 1709 per
537 1641 724 1710 exploratores
753 1645 923 1708 cognoverat,

76 1717 187 1770 dorsum
204 1733 264 1770 esse
283 1716 343 1785 ejus
359 1715 421 1783 jugi
442 1733 527 1786 prope
545 1715 737 1785 aequu1n,sed
755 1716 878 1770 silvestro
896 1721 925 1771 et

76 1797 222 1860 angustum
237 1809 291 1861 qua
306 1795 379 1845 esset
394 1791 484 1845 aditus
501 1793 537 1845 ad
554 1793 670 1845 alteram
691 1791 785 1861 oppidi
803 1797 924 1860 partem:

76 1867 139 1922 huic
151 1868 210 1920 loco
224 1868 401 1921 vehementer
413 1867 473 1921 illos
485 1868 589 1935 timere,
599 1885 648 1920 uec
656 1866 669 1936 j
673 1884 716 1920 am
724 1868 804 1922 aliter
814 1869 924 1933 sentiro,

76 1961 130 1997 uno
143 1943 210 1997 colle
229 1944 263 1996 ab
283 1943 412 1996 Romanis
429 1948 568 2011 occupato,
587 1943 610 1996 si
628 1943 745 1997 alterum
763 1945 925 2012 amisissent,

77 2019 142 2088 quin
155 2037 241 2088 paene
250 2019 445 2073 circumvallati
454 2023 537 2088 atque
546 2019 618 2072 omni
628 2020 704 2074 exitu
713 2024 743 2074 et
752 2021 926 2090 pabulatione

77 2095 215 2149 interclusi
228 2095 400 2151 viderentur:
416 2095 535 2149 adhunc
549 2097 724 2149 muniendum
732 2097 819 2150 locum
832 2115 926 2150 omnes

77 2187 94 2225 a
106 2171 330 2240 Vercingetorige
342 2175 475 2226 evocatos.

129 2253 169 2301 45.
207 2247 926 2317 llacrecognitaCacsarmittiteompluresequitum

77 2326 181 2377 turmas
194 2340 226 2376 eo
239 2323 274 2376 dc
286 2322 377 2375 media
389 2325 483 2375 noete:
498 2323 532 2375 iis
544 2323 662 2390 imperat
674 2328 706 2374 ut
720 2325 810 2390 paullo
827 2325 927 2376 tumul-

77 2399 181 2452 tuosius
194 2398 318 2451 omnibus
330 2397 396 2450 loeis
408 2395 653 2465 [pcr]ragareutur.
688 2397 847 2451 l'rimaluee
855 2416 928 2466 mag-

77 2490 142 2527 num
156 2489 298 2526 numerum
312 2472 569 2540 impedimentorum
581 2487 616 2522 cx
628 2473 726 2524 eastris
738 2473 927 2542 mulorumque

78 2548 199 2617 produci,
219 2564 293 2615 equo·
306 2547 340 2599 iis
358 2548 509 2600 stramenta
527 2545 644 2613 detrahi,
661 2547 847 2616 mulionesque
865 2566 926 2602 cum

79 2622 231 2677 cassidibus
253 2624 375 2692 equitum
397 2621 487 2691 speeie
506 2638 537 2675 ae
557 2622 729 2677 simulatione
748 2623 860 2678 collibus
878 2625 930 2679 eir-

81 2697 205 2752 eumrehi
221 2698 311 2766 jubet.
348 2698 401 2751 His
420 2714 519 2767 paucos
542 2699 622 2753 addit
645 2700 753 2768 equites
776 2699 823 2768 qui
846 2701 929 2755 latius

82 2775 274 2828 ostentationis
286 2791 367 2829 eausa
379 2779 549 2843 vagarentur.
584 2775 678 2843 Longo
690 2775 806 2829 circuitu
817 2768 928 2830 casdem

79 2867 174 2904 omnes
184 2850 267 2919 jubet
284 2856 380 2920 petere
398 2853 530 2918 regiones.
566 2851 643 2905 Hace
661 2851 754 2919 prroeul
774 2868 809 2904 cx
828 2852 929 2921 oppido

80 2927 250 2993 ridebantur,
273 2932 305 2981 ut
329 2931 390 2980 erat
413 2945 430 2980 a
454 2927 589 2994 Gergovia
613 2928 762 2995 despectus
783 2928 817 2980 in
834 2933 946 2985 maxa,

81 3020 171 3072 neque
191 3006 268 3057 tanto
287 3003 375 3072 spatio
396 3003 465 3058 certi
484 3002 554 3074 quid
573 3007 652 3058 esset
671 3001 824 3071 emptorar'x
831 2996 970 3065 patm-

75 3079 221 3144 Legionem
243 3097 325 3135 unam
347 3081 451 3137 eodem
472 3081 546 3153 jugo
570 3083 672 3138 mittit
696 3085 731 3133 at
753 3072 896 3145 rati-m*
916 3071 990 3139 W.

30 3225 34 3233 ¹
60 3168 186 3275 ἕΐέῗξαιη
215 3157 353 3217 inferiore
382 3162 544 3218 constituit
570 3161 643 3217 loeo
678 3155 833 3219 surisque
866 3128 990 3191 <imm
