2018 3396
450 126 560 175 LIBER
576 126 611 176 V.
929 128 958 175 91

110 219 219 272 quoque
235 205 342 274 accidit,
364 206 439 276 quod
456 207 510 260 suit
527 223 646 274 neeesse,
663 210 696 262 ut
712 206 833 261 nonnulli
850 206 958 274 milites,

110 281 156 349 qui
164 281 537 353 lignationismunitionisquc
546 300 627 336 eausa
636 284 665 336 in
674 284 755 337 silvas
763 284 960 351 discessissent,

109 359 251 425 repentino
276 359 399 428 equitum
422 360 541 413 adventu
559 359 796 429 interciperentur.
834 360 887 412 His
909 361 960 413 cir-

97 436 259 504 ·cumuentis
276 453 382 504 magna
410 453 492 489 manu
519 435 669 504 Eburpnes,
692 436 795 500 Neruii,
820 435 960 490 Aduatuci

109 515 193 578 atque
209 511 306 565 horum
325 511 444 568 emnium
463 512 528 566 socii
546 515 575 566 et
586 513 698 566 clientes
710 511 845 579 legionem
858 528 960 581 oppug-

109 603 175 640 nare
198 587 344 656 incipiunt:
368 587 456 641 nostri
478 588 606 642 celeriter
629 588 666 642 ad
688 604 765 641 arma
787 593 960 654 concurrunt,

110 663 209 716 vallum
233 663 424 717 conscendunt.
462 666 554 732 Aegre
569 664 593 718 is
609 663 669 718 dies
689 666 866 727 sustentatur,
886 665 960 732 quod

27 755 29 758 ·
110 754 216 791 omnem
233 755 309 807 spem
324 739 418 792 hostes
433 740 462 792 in
476 739 618 793 celeritate
631 739 778 809 ponebant,
793 742 877 809 atque
891 739 961 793 hanc

110 815 202 881 adepti
226 815 365 868 uictoriam
386 814 415 868 in
438 820 601 883 perpetuum
620 832 649 869 se
667 816 726 868 fore
744 815 862 878 uictores
879 815 960 868 conii-

110 889 220 945 debant.
894 931 896 935 .

161 972 203 1020 40.
239 967 388 1022 Mittuntur
406 967 443 1021 ad
460 968 602 1022 Caesarem
619 969 761 1023 confestim
777 968 812 1022 ab
830 968 961 1022 Cicerone

109 1042 218 1096 litterae
237 1045 342 1111 magnis
358 1044 504 1112 propositis
521 1045 649 1112 praemiis
666 1046 688 1098 si
705 1045 894 1114 pertulissent:
913 1043 960 1097 ob·

110 1120 189 1171 sessis
218 1120 343 1172 omnibus
371 1120 421 1173 riis
448 1120 524 1173 missi
552 1121 770 1189 intercipiuntur.
807 1121 898 1174 Noctu
926 1136 960 1172 ex

109 1195 224 1248 materia
241 1213 322 1262 quam
340 1196 498 1248 munitionis
516 1212 597 1249 causa
614 1201 851 1264 comportaverant
868 1199 961 1250 turres

109 1271 256 1323 unimodum
280 1287 334 1324 cxx
357 1271 512 1323 excitantur
535 1271 688 1324 incredibili
711 1272 868 1336 eeleritatc;
891 1288 961 1340 quae

110 1346 205 1398 deesse
226 1347 300 1414 operi
321 1346 484 1398 uidebantur
504 1348 692 1414 perficiuntur.
729 1348 832 1401 Hostes
850 1352 961 1415 postero

111 1422 156 1474 die
180 1421 267 1474 multo
290 1420 439 1489 majoribus
462 1423 562 1474 coactis
586 1423 670 1490 copiis
688 1427 779 1477 eastra
796 1426 961 1491 oppugnant,

109 1499 208 1550 fossam
221 1497 365 1566 complent.
400 1495 446 1550 Ab
458 1498 559 1550 nostris
571 1499 667 1551 eadem
680 1499 785 1552 ratione
799 1515 853 1567 qua
871 1498 961 1566 pridie

109 1573 261 1628 resistitur:
273 1573 324 1626 boc
336 1572 410 1626 idem
423 1572 535 1640 reliquis
548 1574 675 1642 deinceps
691 1573 724 1626 fit
739 1573 841 1626 diebus.
877 1573 904 1626 N
906 1573 961 1627 ulla

109 1666 173 1717 pars
192 1641 316 1703 nocturni
336 1649 467 1716 temporis
485 1649 521 1701 ad
540 1649 661 1702 laborem
679 1650 886 1703 intermittitur:
907 1666 961 1702 non

109 1726 206 1801 aegris,
214 1742 267 1779 nen
275 1725 422 1799 vulneratis
430 1725 546 1779 facultas
555 1725 655 1794 quietis
665 1725 759 1778 datur:
773 1741 961 1794 quaecumque

110 1803 146 1855 ad
163 1802 279 1870 proximi
296 1802 351 1855 diei
368 1801 597 1870 oppugnationem
614 1819 681 1869 opus
699 1805 770 1869 sunt,
789 1805 871 1854 noctu
889 1809 961 1855 edm-

109 1878 512 1946 parantur:multaepraeustae
522 1877 729 1945 sudesmngnns
739 1877 883 1930 muralium
893 1877 961 1946 pile-

109 1971 170 2008 rum
188 1970 317 2007 numerus
335 1953 504 2017 instituitur;
521 1957 613 2007 turres
629 1953 845 2021 contabulantur,
862 1953 960 2021 pinnac

109 2032 263 2098 loricaeque
279 2047 314 2084 cx
329 2030 450 2084 cratibus
467 2033 635 2083 attexuntur.
672 2030 737 2098 Ipse
756 2029 858 2094 (licere,
876 2047 960 2097 quum

109 2108 267 2160 tenuissima
282 2106 439 2160 valetudine
456 2110 535 2173 esset,
552 2122 587 2159 ne
602 2108 765 2159 nocturnum
782 2104 892 2173 quidem
910 2104 969 2158 sibi·

109 2188 218 2250 tempus
236 2181 271 2235 ad
290 2183 410 2250 quietem
428 2181 607 2250 relinquebat,
624 2184 656 2235 ut
674 2181 747 2236 ultro
764 2181 881 2235 militum
900 2197 962 2234 con-

51 2283 54 2292 ·
110 2275 190 2312 cursu
202 2274 233 2311 ac
245 2258 356 2311 vocibus
368 2257 419 2310 sibi
431 2274 542 2326 parcere
554 2260 703 2326 cogeretur.
996 2273 1000 2279 ·

161 2341 203 2388 41.
239 2334 314 2387 Tunc
333 2334 415 2386 duces
435 2333 626 2402 principesque
650 2334 820 2398 Nerviorum,
845 2331 891 2399 qui
915 2332 962 2388 ali.

110 2428 191 2478 quem
210 2409 341 2464 sermonis
357 2409 462 2462 aditum
479 2425 641 2477 causamque
656 2408 792 2461 amicitiae
808 2424 869 2461 cum
887 2407 962 2461 Cice.

57 2483 59 2486 ’
110 2504 176 2540 rone
188 2485 333 2552 habebant,
346 2485 465 2553 colloqui·
475 2501 534 2537 sese
546 2485 615 2537 velle
631 2484 733 2549 dicunt.
769 2483 856 2536 Facta
871 2488 962 2551 potes-

110 2569 168 2616 tate
186 2563 370 2630 cadomquae
389 2561 533 2615 Ambiorix
556 2577 617 2613 cum
642 2561 746 2613 Titurio
771 2562 865 2626 egerat
891 2574 961 2611 conr-

110 2642 270 2703 memorant,
290 2637 405 2691 Omnem
426 2653 486 2690 esse
507 2638 534 2688 in
558 2632 641 2688 armis
666 2636 790 2700 Galliam,
812 2634 962 2688 Gennanos

112 2714 237 2767 libanum
269 2715 405 2778 transisse,
439 2713 563 2766 Caesaris
596 2713 818 2780 reliquorumque
847 2705 961 2764 hiberna

111 2789 269 2858 oppugnari,
306 2789 423 2843 Addunt
440 2788 524 2842 etiam
549 2788 584 2841 de
603 2787 697 2841 Sabini
714 2791 810 2840 morte.
847 2785 962 2839 Ambio·

110 2866 197 2933 ligem
216 2866 356 2918 ostentant
376 2863 443 2918 fidei
461 2863 604 2918 faciundae
620 2879 708 2917 eausa
744 2863 908 2915 Errare-ecs
923 2861 966 2936 ὣς

111 2944 184 3007 cunt,
202 2941 224 2993 si
249 2941 399 3010 quidquam
422 2939 457 2994 ab
480 2939 525 2995 his
547 2938 688 3010 praesidii
707 2939 831 3004 sperans
852 2932 908 3011 dxix
925 2939 995 2973 *W*

109 3017 192 3070 rebus
215 3017 355 3086 diffidant;
379 3035 443 3076 sese
467 3020 569 3074 amen
589 3015 652 3069 boe
680 3027 749 3067 esse
772 3007 812 3058 “sn
836 3001 1009 3049 ΜΝ*

96 3093 289 3165 populumque
310 3096 479 3154 Romanum
496 3098 597 3154 animo
614 3095 655 3147 ut
669 3087 752 3144 unu
765 3079 830 3133 mss
840 3069 999 3168 munera&

89 3172 190 3226 essent
207 3176 301 3245 atque
320 3175 400 3236 banc
415 3177 654 3236 inveterascere
669 3146 942 3222 eonsuetuuxnffl
