2018 3396
94 124 136 172 94-
348 123 377 172 C.
392 121 494 171 JULII
511 121 683 172 CAESARIS

96 202 209 267 bantur;
230 217 346 270 quornm
355 212 431 269 ‘pars
449 200 618 269 deprehensa
635 203 664 256 in
681 207 828 272 conspeetu
845 208 952 260 nostro·

94 294 155 331 rum
167 277 285 331 militum
297 293 359 330 cunr
371 279 493 331 cruciatu
508 278 665 333 necabatur.
701 279 770 334 ltrat
786 298 857 349 unus
874 282 952 337 intus

94 355 219 419 Nervius,
244 353 352 408 nomine
377 354 496 422 Vertico,
520 354 580 408 1000
608 360 690 418 natus
713 357 834 425 honesto,
860 359 908 427 qui
934 377 952 413 a

94 432 182 498 prima
201 428 343 484 obsidione
363 429 400 483 ad
420 430 577 484 Ciceronem
596 432 754 500 perfugerat
774 450 905 502 suamque
924 437 951 490 ei

94 506 178 559 iidem
190 505 374 574 praestiterat.
412 506 467 560 Hic
479 523 558 560 servo
570 520 619 576 spe
633 507 770 563 libertatis
786 511 951 579 magnisque

93 580 242 650 persuadet
265 582 394 650 praemiis
417 586 450 637 ut
472 582 579 637 litteras
602 584 638 637 ad
663 585 807 639 Caesarem
832 586 948 641 deierat

95 657 155 710 Has
167 657 213 709 ille
229 657 258 709 in
270 657 364 725 jaculo
375 659 494 726 illigatas
510 659 638 725 01101101
655 660 749 714 Gallus
765 662 839 714 inter
855 663 951 717 Gallos

94 732 151 786 sine
163 732 218 785 ulla
231 734 382 801 suspicione
394 739 518 789 versatus
529 735 565 788 ad
578 736 723 790 Caesarem
732 737 862 804 pervenit.
900 738 950 792 Ab

94 824 127 861 eo
139 807 174 861 dc
186 809 315 876 periculis
328 810 466 864 Ciceronis
477 811 645 879 legionisque
656 812 836 880 cognoscitur.

53 883 70 917 Υ
144 891 185 939 46.
223 885 323 939 Caesar
346 886 465 955 acceptis
488 886 589 941 litteris
613 887 680 941 11010
703 888 813 942 circiter
836 903 867 941 xl
891 889 949 944 diei

82 961 187 1026 ‚statim
199 961 327 1015 nuncium
336 962 365 1015 in
375 963 532 1018 Bellovacos
539 963 576 1018 ad
586 963 624 1017 M.
634 964 763 1018 Crassum
772 967 949 1032 quaestorem

93 1037 187 1104 mittit,
200 1036 277 1105 cujus
292 1037 407 1092 hiberna
418 1039 533 1093 aberant
547 1039 583 1093 ab
599 1057 631 1093 oo
646 1040 723 1094 milia
739 1057 868 1109 passuum
880 1056 947 1096 xxv.

93 1113 112 1166 J
115 1113 180 1166 ubet
198 1113 290 1167 media
301 1119 382 1168 nocte
393 1114 526 1183 legionem
535 1116 667 1184 proficisci
681 1116 862 1185 celeriterque
872 1117 949 1171 adse

93 1189 193 1243 venire.
215 1191 281 1244 Exit
293 1206 354 1243 cum
366 1191 464 1245 11111010
477 1192 597 1246 Crassus.
634 1193 762 1246 Alterum
774 1192 810 1246 ad
823 1193 853 1247 C.
866 1192 949 1246 Fabi-

93 1282 139 1318 um
149 1267 270 1334 legatum
279 1267 366 1320 mittit
376 1268 444 1321 utin
457 1267 623 1321 Atrebatum
636 1267 704 1320 fines
716 1268 849 1335 legionem
859 1268 948 1322 addu-

93 1345 144 1408 cat,
158 1360 213 1411 qua
225 1343 277 1396 sibi
289 1344 344 1397 iter
355 1344 510 1398 faciendum
522 1343 633 1397 sciebat.
669 1344 770 1397 Scribit
783 1343 910 1410 Labieno,
923 1346 948 1399 si

93 1419 133 1473 101
146 1419 269 1487 publicae
281 1419 423 1474 commodo
434 1420 523 1473 facero
536 1422 636 1488 posset,
644 1419 821 1487 cumlogione
833 1419 948 1475 adfines

94 1492 255 1548 Nerviorum
276 1495 382 1550 veniat:
407 1493 540 1563 reliquam
566 1498 672 1563 partem
699 1495 843 1562 exereitus,
871 1497 948 1564 quod

93 1571 184 1638 paullo
197 1570 294 1623 aberat
305 1570 418 1638 longius,
431 1587 485 1623 non
497 1574 578 1638 putat
592 1571 817 1638 exspectandam
834 1573 948 1639 ,equas

93 1647 202 1701 011οἰ101
211 1645 426 1715 quadringentos
437 1663 472 1700 ex
483 1647 613 1715 proximis
625 1646 745 1698 hibernis
757 1646 869 1713 colligit.

144 1727 186 1780 47.
223 1723 299 1775 Hora
322 1722 431 1776 circiter
454 1737 489 1776 111
507 1721 542 1775 ab
560 1721 780 1775 antecursoribus
797 1721 834 1776 dc
854 1722 948 1776 Crassi

93 1799 212 1852 adventu
224 1798 324 1852 certior
335 1798 425 1851 factus
437 1815 470 1852 eo
482 1797 528 1851 dic
538 1797 613 1851 milia
626 1814 756 1866 passuum
772 1797 868 1864 viginti
883 1813 947 1866 pro-

92 1875 224 1942 greditur.
260 1874 387 1928 Crassum
399 1874 604 1928 Samarobrivae
616 1872 740 1940 praeficit
756 1872 948 1942 legionemque

93 1952 117 2003 oi
141 1949 275 2015 attribuit,
300 1949 374 2017 quod
396 1949 435 2002 ibi
458 1948 654 2018 impedimenta
672 1947 816 2014 exercitae,
835 1946 971 2002 obsides.

92 2024 241 2091 civitatum,
260 2024 368 2077 litteras
384 2025 507 2093 publicas
524 2024 747 2091 frumentumque
764 2039 849 2087 omne,
868 2024 946 2091 quod

93 2117 125 2154 00
156 2099 313 2153 tolerandae
343 2099 439 2153 bicaris
469 2117 551 2153 causa
581 2099 737 2164 devexerat,
763 2098 945 2167 relinquebat.

50 2220 57 2238 ,
93 2176 250 2242 Fabius,.ut
264 2176 428 2243 imperatum
443 2180 511 2242 erat,
526 2192 580 2229 non
594 2176 634 2228 ita
648 2174 765 2228 multum
778 2178 900 2228 moratus
915 2175 944 2229 in

91 2253 189 2305 itinere
202 2267 263 2304 cum
279 2252 387 2319 legione
400 2252 525 2306 occurrit.
562 2250 700 2305 Labienus
717 2250 830 2304 interitu
850 2249 945 2304 Sabini

92 2332 122 2381 et
133 2327 217 2382 caede
229 2326 379 2380 cohortium
392 2327 508 2396 cognita,
520 2343 604 2396 quum
616 2342 710 2379 omnes
721 2325 757 2378 ad
773 2342 835 2378 omn
851 2325 946 2380 Trevi-

91 2420 183 2457 rorum
196 2402 289 2471 copiae
300 2403 445 2470 venissent,
458 2404 562 2459 veritus
577 2419 620 2467 110,
638 2401 660 2455 si
677 2417 712 2454 ex
728 2400 849 2453 hibernis
862 2402 945 2469 fugae

92 2479 208 2533 similem
230 2479 424 2547 profectionem
440 2478 557 2543 fecisset,
574 2477 693 2531 hostium
711 2476 843 2544 impetum
862 2479 945 2532 susti-

91 2571 157 2608 nere
168 2571 222 2608 non
233 2558 333 2623 posset,
345 2555 506 2622 praesertim
521 2570 590 2622 quos
603 2553 707 2606 recenti
723 2552 837 2605 victoria
852 2553 944 2608 efferri

92 2634 181 2697 soret,
201 2631 307 2684 litteras
332 2629 444 2684 Caesari
465 2629 590 2696 remittit,
611 2631 712 2696 quanto
736 2643 797 2679 cum
821 2629 943 2696 periculo

91 2706 226 2774 legionem
245 2722 279 2759 ex
297 2705 420 2758 hibernis
438 2705 587 2760 educturus
606 2706 692 2757 osset:
710 2718 770 2754 rem
788 2706 895 2770 gestam
913 2705 943 2759 in

91 2780 263 2835 Eburonibus
274 2781 430 2848 perscribit:
443 2781 525 2835 docet
536 2795 630 2832 omnes
642 2778 781 2846 equitatus
790 2777 944 2846 peditatus-

92 2873 146 2925 que
159 2857 250 2924 copias
262 2856 434 2910 'trevirorum
445 2855 500 2911 tria
510 2854 585 2908 milia
595 2868 725 2924 passuum
740 2852 820 2922 longe
836 2853 871 2909 ab
885 2857 943 2912 suis

91 2933 189 2985 castris
200 2931 362 2985 consedisse.

130 3010 171 3058 48,
212 3006 318 3062 Caesar
327 3008 442 3064 consilio
455 3007 516 3079 ejus
527 3006 655 3078 probato,
663 3005 718 3060 etsi
727 3006 947 3073 opinionetrium

41 3073 203 3160 ¹lanionum
225 3081 359 3151 dejectus
376 3087 414 3142 ad
432 3086 506 3143 diras
522 3085 662 3148 redierat,
672 3085 772 3135 tamen
784 3095 875 3130 unum
888 3094 962 3128 com-

33 3150 127 3204 suuni
132 3153 230 3210 saluti
240 3162 391 3231 spirillum
402 3167 435 3222 11
451 3161 610 3224 celeritate
622 3157 762 3233 ponebat.
793 3153 817 3200 N*
827 3152 890 3200 emt
899 3164 981 3213 nius·
