2018 3396
56 127 88 173 40
311 124 339 171 Ο.
358 121 461 171 JULII
478 121 652 171 CAESARIS

54 221 116 257 rum
127 220 191 272 pars
203 204 298 270 aperto
310 202 397 255 latere
409 201 529 270 legiones
548 201 749 271 circumvenire,
761 217 825 271 pars
839 218 911 256 sum-

54 297 129 332 mum
141 282 292 332 castrorum
305 278 394 331 locum
407 281 503 347 petere
516 277 614 346 coepit.

28 368 44 379 “
107 361 147 408 24.
182 353 287 407 Eodem
307 356 431 423 tempore
451 353 558 420 equites
577 353 664 406 nostri
683 353 805 422 levisque
823 371 911 407 arura.

54 435 134 486 turae
157 430 273 500 pedites,
298 430 345 499 qui
369 446 431 483 cum
455 429 489 483 iis
512 445 567 482 una
590 428 706 496 fuerant,
731 446 799 497 quos
822 430 910 498 primo

53 507 173 561 hostium
185 507 292 575 impetu
304 506 396 574 pulsos
409 505 542 571 dixeram,
556 521 640 572 quum
653 521 683 558 se
696 505 723 557 in
737 508 827 558 castra
842 506 910 559 reci-

53 585 158 652 perent,
171 581 292 635 advorsis
305 581 430 635 hostibus
443 578 623 634 occurrebant
636 596 667 632 ac
680 597 774 632 rursus
787 581 867 633 aliam
882 582 910 634 in

53 663 160 726 partem
178 658 270 725 fugam
289 657 437 727 petebant3
456 659 485 709 et
505 655 619 720 calones,
640 657 686 724 qui
706 656 740 709 ab
760 656 911 711 decumana

53 739 134 804 porta
145 752 176 788 ae
189 751 293 788 summo
300 733 370 802 jugo
382 735 457 786 collis
469 736 576 785 nostros
586 732 703 786 victores
713 733 813 786 flumen
821 737 909 787 trans-

54 813 95 865 ire
108 814 313 881 conspexerant,
325 809 475 880 praedandi
489 825 569 863 causa
583 809 693 877 egressi,
703 827 787 879 quum
799 826 909 877 respex-

54 888 140 941 issent
152 890 181 940 et
192 886 285 939 hostes
298 886 327 938 in
339 885 440 939 nostris
454 885 551 938 eastris
564 885 666 938 versari
681 885 821 952 vidissent,
833 902 909 954 prae

54 963 150 1032 cipites
170 963 251 1030 fugae
270 977 331 1016 sese
349 960 524 1014 mandabant.
562 960 647 1014 Simul
668 977 762 1014 eorum
781 961 828 1029 qui
847 978 908 1014 cum

54 1037 256 1106 impedimentis
276 1035 421 1090 veniebant
442 1036 542 1089 clamor
562 1036 742 1105 fremitusque
764 1037 908 1100 oriebatur,

54 1114 155 1181 aliique
171 1113 251 1166 aliam
267 1112 296 1166 in
312 1114 421 1181 partem
440 1112 581 1180 perterriti
599 1112 766 1166 ferebantur.
803 1112 908 1176 Quibus

54 1189 179 1242 oumibus
200 1188 282 1242 rebus
302 1188 420 1257 permoti
442 1188 548 1256 equites
569 1188 680 1255 Treviri,
701 1205 815 1258 quorum
836 1189 908 1242 inter

55 1265 147 1319 Gallos
157 1265 267 1319 virtutis
280 1264 370 1333 opinio
383 1267 426 1319 est
441 1263 593 1331 singularis,
606 1263 653 1332 qui
669 1264 763 1318 auxilii
777 1281 858 1317 caiisa
872 1264 907 1317 ab

54 1342 165 1396 civitate
177 1341 214 1394 ad
226 1341 370 1396 Caesarem
385 1340 460 1393 missi
476 1342 614 1406 venerant,
628 1357 713 1408 quum
731 1340 907 1394 multitudine

55 1418 172 1472 hostium
192 1422 282 1472 castra
300 1422 394 1469 nostra
410 1415 546 1484 compleri,
559 1420 667 1468 nostras
684 1416 804 1484 legiones
819 1417 906 1484 premi

54 1498 84 1547 et
93 1511 179 1562 paene
189 1494 386 1547 circumventas
396 1491 492 1559 teneri,
500 1490 614 1555 calones,
625 1491 738 1559 equites,
749 1491 907 1553 funditores,

56 1570 196 1637 Numidas,
200 1568 331 1698 {liversos
344 1567 545 1635 dissipatosque
557 1566 584 1619 in
598 1583 691 1620 omnes
704 1575 796 1634 partes
813 1569 907 1634 fugere

55 1647 192 1711 vidissent,
223 1643 463 1713 esperatisnostris
476 1642 558 1696 rebus
572 1643 682 1695 domum
696 1643 908 1697 contenderunt:

56 1721 192 1773 ltomanos
208 1720 300 1788 pulsos
317 1721 520 1787 superatosque,
536 1718 632 1771 castris
650 1719 907 1786 impedimentisque

55 1812 148 1849 eorum
160 1795 253 1848 hostes
264 1794 366 1863 potitos
379 1794 484 1846 civitati
497 1794 728 1847 renuntiaverunt.

107 1877 147 1924 25.
185 1870 286 1924 (leesar
297 1869 332 1923 ab
344 1869 465 1923 decimae
477 1868 590 1936 legionis
601 1869 787 1923 cohortatione
795 1869 830 1923 ad
841 1869 908 1923 dex-

55 1951 128 2001 trum
140 1962 223 1999 cornu
234 1946 380 2014 profectus,
392 1944 438 1998 ubi
452 1961 515 1998 suos
527 1945 618 2012 urgeri
632 1945 770 2013 signisque
781 1945 810 1998 iu
822 1962 906 1998 unum

54 2022 142 2075 locum
155 2020 259 2074 collatis
271 2020 448 2074 duodecimae
462 2019 575 2088 legionis
591 2021 725 2074 confertos
739 2021 839 2074 milites
856 2021 906 2074 sibi

54 2097 297 2166 ipsesadpugnam
307 2096 570 2165 esseimpedimento
580 2096 656 2162 vidit,
665 2100 778 2165 quartae
788 2098 907 2151 cohortis

55 2173 179 2226 omnibus
203 2171 404 2226 centurionibus
429 2171 523 2246 occisis
549 2171 730 2240 signiferoque
754 2173 907 2240 interiecto,

55 2250 132 2317 signo
144 2249 250 2317 amisso,
262 2248 430 2317 reliquarum
442 2247 594 2301 cohortium
607 2248 732 2301 omnibus
744 2250 801 2302 fere
813 2255 907 2303 centu-

54 2324 174 2378 rionibus
193 2327 241 2378 aut
260 2323 409 2378 vulneratis
428 2327 476 2377 aut
495 2324 595 2389 occisis,
611 2324 640 2376 in
660 2323 702 2377 his
721 2323 858 2394 primipilo
878 2327 908 2382 P.

55 2401 149 2455 Sextio
161 2400 269 2468 Baculo,
278 2400 426 2453 fortissimo
436 2400 501 2466 viro,
511 2399 605 2454 multis
616 2401 803 2469 gravibusque
815 2402 907 2454 vulne-

54 2476 131 2531 ribus
145 2478 265 2531 confecto
281 2479 313 2529 ut
327 2475 387 2544 jam
402 2493 432 2530 se
446 2477 579 2530 sustinere
597 2493 651 2529 non
671 2481 770 2546 posset,
787 2477 908 2546 reliquos

54 2570 115 2608 esse
126 2553 267 2618 tardiores
277 2555 306 2607 et
317 2552 458 2606 nonnullos
471 2552 505 2605 ab
518 2553 670 2607 novissimis
684 2553 795 2607 deserto
805 2554 907 2621 proelio
925 2552 935 2571 '

55 2630 188 2683 excedere
199 2647 231 2683 ao
241 2629 298 2684 tela
307 2629 401 2694 vitare,
410 2629 502 2682 hostes
512 2646 601 2697 noque
608 2644 627 2682 a
635 2629 726 2683 fronte
736 2646 770 2682 ex
780 2629 907 2682 inferiore

54 2705 112 2759 loco
126 2706 275 2761 subeuntes
286 2705 469 2759 intermittere
482 2709 511 2758 et
523 2705 557 2758 ab
570 2704 688 2775 utroque'
700 2705 788 2758 latere
797 2705 907 2771 instare,

55 2786 84 2836 et
96 2799 154 2836 rem
167 2800 227 2837 esse
238 2784 266 2836 in
278 2786 394 2850 angusto
405 2781 482 2850 vidit,
491 2800 579 2853 neque
590 2784 674 2837 ullum
685 2799 746 2836 esse
756 2781 906 2834 subsidium

56 2859 130 2926 quod
146 2858 271 2912 submitti
286 2863 387 2927 posset,
402 2861 478 2912 scuto
496 2860 530 2912 ab
543 2860 696 2914 novissimis
707 2859 755 2913 uni
768 2857 849 2912 militi
862 2857 908 2910 de

56 2939 152 3000 tracto,
165 2934 239 3003 quod
250 2935 309 3002 ipse
322 2950 354 2987 eo
366 2934 424 2986 sine
437 2937 513 2987 scuto
526 2940 645 3002 venerat,
655 2937 683 2988 in
695 2937 812 3004 primam
822 2935 906 2988 aciem

55 3010 188 3079 processit
198 3008 456 3076 centurionibusque
465 3010 625 3064 nominatim
635 3012 779 3080 appellatis
787 3010 907 3078 reliquos

56 3085 213 3141 cohortatus
237 3086 338 3140 milites
362 3085 439 3152 signa
461 3085 563 3139 inferre
587 3092 615 3140 et
636 3084 791 3157 'nranipulos
814 3086 907 3140 laxare

55 3160 141 3227 iussit,
160 3179 215 3229 que
231 3162 337 3217 facilius
353 3160 453 3230 gladiis
470 3161 512 3214 uti
529 3165 648 3232 possent.
682 3164 770 3232 Cuius
786 3163 909 3217 aduentu
