2018 3396
457 108 568 156 LIBER
584 108 623 157 II.
818 135 821 139 ·
937 109 969 156 35

111 191 254 247 vissimum
270 205 367 257 agmen
384 193 538 243 moraretur
552 189 700 258 praemisit.
738 187 791 242 His
805 188 836 253 Q.
850 185 966 241 Pedium

111 270 142 320 et
155 267 184 319 b.
199 265 413 333 Aurunculeium
426 265 535 320 Cottam
547 266 653 334 legatos
668 264 809 333 praefecit.
845 263 874 315 Τ.
888 262 968 315 Labi-

112 358 195 396 enum
216 341 338 409 legatum
361 357 423 394 cum
443 341 595 409 legionibus
616 341 705 394 tribus
727 339 857 409 subsequi
876 338 967 407 jussit·

113 417 153 470 Hi
165 416 326 471 notissimos
340 417 431 471 adorti
448 420 477 470 et
493 416 581 471 multa
596 417 671 470 milia
686 433 815 486 passuum
830 415 967 484 prosecuti

112 509 239 561 magnam
259 491 464 546 multitudinem
487 509 580 546 eorum
601 492 763 560 fugientium
783 490 967 558 conciderunt,

113 585 198 637 quum
210 568 245 622 ab
259 571 381 621 extremo
394 568 502 635 agmine
518 568 553 621 ud
569 573 763 636 quaerentum
783 570 843 621 erat
870 568 968 620 censis

112 647 205 698 terent
221 644 383 711 fortiterque
398 643 532 711 impetum
553 647 707 697 nostrerum
719 643 836 696 militum
852 643 967 696 sustine·

112 724 183 787 rent,
199 721 310 788 priores,
330 719 404 788 quod
420 719 517 773 abesse
533 736 550 772 a
565 720 685 788 periculo
702 719 861 772 viderentur
877 736 966 787 neque

111 796 168 850 ulla
186 795 349 849 necessitate
368 811 458 862 neque
477 795 590 863 imperio
610 796 821 862 continerentur,
837 795 966 849 exaudito

78 940 81 945 ι
113 872 231 926 clamore
246 871 413 940 perturbatis
431 870 570 924 ordinibus
587 887 680 924 omnes
697 872 726 924 in
742 871 808 938 fuga
825 871 875 924 sibi
891 888 967 940 prae-

113 949 212 1003 sidium
228 950 368 1017 ponerent
390 947 453 1003 ,Ita
470 948 527 1000 sine
543 947 598 1000 ullo
613 947 732 1015 periculo
749 951 854 1001 tantam
872 964 965 1001 eornm

112 1025 317 1079 multitudinem
345 1024 432 1077 nostri
456 1023 652 1077 interfecerunt
678 1028 811 1092 quantum
834 1023 886 1077 fuit
910 1023 965 1075 diei

113 1100 239 1168 spatium,
262 1099 313 1153 sub
339 1116 519 1167 occasumque
545 1099 607 1152 selis
632 1099 807 1168 destiterunt,
830 1115 914 1167 seque
936 1099 965 1152 in

113 1179 211 1244 eastra,
230 1179 263 1230 ut
281 1180 341 1229 erat
359 1177 530 1244 imperatum,
549 1180 718 1244 receperunt.

106 1266 109 1271 '
166 1257 205 1305 12.
241 1250 378 1305 Postridie
390 1250 450 1318 ejus
462 1251 516 1304 diei
530 1251 637 1318 Caesar,
651 1252 809 1320 priusquam
827 1268 856 1304 se
873 1251 965 1305 hostes

112 1344 148 1381 ex
164 1331 271 1382 terrere
287 1345 318 1381 ae
334 1327 399 1394 fuga
416 1328 576 1394 reciperent,
592 1327 620 1378 in
637 1327 703 1379 fines
721 1326 902 1393 Suessionum,
918 1327 965 1394 qui

112 1403 229 1472 preximi
242 1404 336 1457 Remis
350 1406 433 1467 erant,
448 1402 597 1456 exercitum
614 1402 693 1455 duxit
710 1405 739 1454 et
755 1418 852 1468 magno
867 1402 964 1454 itinere

112 1479 236 1532 confecto
259 1479 295 1532 ad
316 1478 446 1547 oppidum
468 1477 659 1531 Neviodunum
681 1476 828 1529 contendit.
871 1477 907 1529 Id
930 1493 964 1529 ex

112 1554 212 1608 itinere
224 1571 381 1624 oppugnare
394 1557 512 1619 conatus,
523 1554 597 1622 quod
609 1569 722 1605 vacuum
733 1551 767 1604 ab
777 1552 965 1605 defensoribus

17 1653 22 1661 ·
112 1647 174 1684 esse
194 1630 329 1696 audiebat,
348 1634 459 1699 prepter
481 1629 655 1683 latitudinem
675 1628 763 1682 fossae
784 1628 909 1696 murique
928 1629 965 1681 al-

112 1706 260 1759 titudinem
276 1706 369 1776 paueis
388 1705 598 1759 defendentibus
618 1721 772 1773 expugnare
791 1720 845 1757 non
866 1706 962 1773 potuit.

113 1780 218 1836 (fastris
229 1781 447 1836 munitis'rineas
465 1797 546 1848 agere
561 1797 685 1848 quaeque
702 1781 737 1833 ad
754 1780 963 1847 oppugnandum
1008 1847 1009 1853 ¹

112 1859 173 1912 usui
192 1863 270 1912 erant
290 1874 447 1926 comparare
471 1857 568 1925 coepit.
606 1857 721 1910 Interim
742 1857 828 1910 omnis
846 1873 881 1909 ex
899 1857 964 1924 fuga
1002 1866 1005 1875 ’

113 1933 287 1987 Suessionum
306 1932 454 1986 multitudo
472 1932 500 1984 in
520 1932 650 2000 oppidum
669 1931 791 1999 proxima
806 1936 885 1985 necte
901 1949 963 1985 con«

112 2010 194 2063 venit.
231 2009 363 2063 Celeriter
380 2009 466 2062 vineis
483 2008 519 2060 ad
535 2008 665 2075 oppidum
683 2008 758 2074 actis,
773 2025 872 2075 aggere
887 2008 963 2075 jacto

112 2085 289 2153 turribusque
299 2085 462 2151 constitutis,
470 2083 658 2152 magnitudine
667 2099 788 2151 operum,
796 2101 866 2152 quae
875 2101 963 2150 neque

112 2158 238 2214 viderant
250 2165 314 2214 ante
327 2160 398 2214 Galli
409 2177 499 2228 neque
512 2159 662 2226 audierant,
672 2162 701 2213 et
713 2159 853 2212 celeritate
866 2160 963 2212 Roma-

112 2252 209 2290 norum
225 2238 342 2306 permoti
359 2237 463 2305 legatos
481 2237 516 2289 ad
534 2235 678 2289 Caesarem
695 2235 730 2288 de
747 2235 887 2288 deditione
901 2235 963 2293 mit-

111 2315 182 2380 tunt,
194 2316 224 2366 et
235 2313 391 2381 petentibus
403 2313 496 2366 Remis
508 2315 540 2366 ut
554 2315 778 2365 conservarentur
789 2311 944 2379 impetmnt.

35 2389 105 2433 s*
161 2394 200 2442 13.
235 2389 336 2442 (laesar
348 2388 489 2442 obsidibus
503 2388 620 2458 acceptis
638 2388 734 2456 primis
748 2387 864 2440 civitatis
879 2389 963 2454 atque

111 2463 197 2531 ipsius
214 2463 316 2518 Galbae
334 2465 405 2533 regis
426 2465 532 2518 duobus
548 2464 619 2531 filiis,
636 2464 773 2532 armisfle
789 2461 913 2516 omnibus
929 2478 963 2514 cx

111 2539 211 2608 oppido
222 2540 339 2605 traditis,
353 2541 380 2593 in
394 2541 563 2595 deditionem
577 2536 849 2605 Suessiones'accepit
861 2537 963 2590 exerci-

111 2618 225 2685 tumque
236 2616 264 2668 in
278 2616 434 2671 Bellovacos
448 2617 530 2672 ducit.
563 2617 615 2682 Qui
628 2633 710 2684 quum
723 2632 752 2668 se
762 2629 865 2680 suaque
874 2612 964 2666 omnia

110 2691 140 2744 in
163 2691 293 2760 oppidum
318 2693 541 2761 Bratuspantium
616 2693 749 2758 tulissent,
769 2692 853 2756 atque
873 2686 908 2739 ab
930 2703 963 2740 co

111 2767 211 2836 oppido
224 2767 397 2822 Caesareum
411 2770 532 2823 exercitu
599 2768 651 2822 'ter
663 2767 737 2820 milia
748 2779 876 2834 passuum
886 2762 963 2831 quin-

112 2860 166 2911 que
175 2843 292 2910 abesset,
299 2861 393 2898 omnes
401 2846 518 2913 majores
527 2848 595 2897 natu
604 2861 638 2897 ex
648 2841 747 2910 oppido
757 2839 858 2908 egressi
866 2854 963 2891 manus

111 2919 147 2972 ad
160 2919 304 2973 Gaesarem
318 2921 432 2973 tendere
447 2926 475 2974 et
490 2936 554 2973 voce
569 2918 721 2986 significare
738 2917 885 2983 coeperunt
902 2929 962 2967 sese

110 2996 139 3048 in
151 2993 212 3062 ejus
223 2994 307 3048 fidem
316 3011 348 3049 ac
355 2999 522 3064 potestatem
531 2994 623 3048 venire
632 3008 721 3060 neque
730 2995 824 3045 contra
833 2990 962 3058 populum

112 3071 266 3125 Romanum
280 3071 364 3145 armis
380 3073 552 3126 contendere.
589 3071 674 3138 Item,
682 3085 772 3138 quum
784 3067 828 3120 ab
839 3066 983 3130 sumum

111 3146 269 3202 accesisset
287 3148 434 3219 castraque
449 3149 490 3205 ibi
504 3152 638 3220 poneret,
649 3144 738 3223 pueri
750 3143 952 3202 010110101ψῦ
965 3144 998 3178 ·
