2018 3396
25 175 28 181 Ι
86 116 134 163 134
340 113 369 163 0.
387 112 490 162 JULII
507 113 680 161 CAESARIS

85 203 185 258 seditio
196 202 323 269 oriretur,
335 204 368 256 ut
380 201 475 271 procul
490 200 519 254 in
536 201 579 255 via
598 200 738 270 dispositis
755 201 939 258 familiaribus

86 281 142 333 suis
170 279 394 348 principibusque
423 278 565 332 civitatum
594 277 773 346 disparandos
799 277 939 332 deducen-

86 357 190 425 dosque
210 355 246 409 ad
265 371 328 408 suos
345 357 461 421 curaret,
480 371 551 423 quae
568 354 666 422 cuique
680 353 785 406 civitati
799 370 865 422 pars
878 372 939 409 cas-

85 437 192 486 trorum
204 432 239 485 ab
251 432 330 485 initio
342 431 498 485 obvenerat.

137 513 180 562 29.
218 508 331 562 Postero
352 507 398 560 die
419 506 532 561 concilio
550 508 697 559 convocato
718 507 873 562 consolatus
891 527 938 564 co-

85 583 267 651 hortatusque
287 586 330 638 est
348 583 392 636 Ne
411 598 441 635 se
464 582 611 636 admodum
634 582 723 636 mxime
747 583 937 653 demitterent,

86 659 178 729 ne[ve]
194 659 407 730 perturbaretur
423 657 606 712 incommodo:
626 675 680 711 non
692 659 793 712 virtute
804 662 937 728 usquein

86 737 250 790 acie'u'cisse
270 736 414 804 Romanos,
432 735 482 788 sed
500 734 616 788 artificio
635 736 754 805 quodam
775 741 806 790 et
822 738 938 792 scicntia

86 812 296 880 oppugnationis
308 811 389 879 cujus·
397 811 439 864 rei
450 811 552 865 fuerint
571 811 622 880 ipsi
638 812 781 881 imperitis·
793 829 894 878 errare,
912 815 937 868 si

87 888 133 956 qui
144 888 172 939 in
180 887 251 941 bello
259 904 353 941 omues
363 888 495 942 secundos
502 904 594 940 rerum
601 891 751 957 proventus
760 894 936 959 exspectent:

62 1027 65 1033 ¹
87 963 138 1016 sibi
156 980 304 1032 numquam
323 963 457 1032 placuisse
482 963 628 1017 Avaricum
653 963 770 1030 defendi,
794 965 873 1034 cujus
896 967 937 1020 rei

86 1042 173 1092 testes
185 1040 257 1108 ipsos
266 1039 396 1105 haberct;
413 1040 572 1092 sedfaetum
582 1040 768 1108 imprudentia
778 1041 937 1110 Biturigum

87 1117 116 1168 et
127 1115 210 1168 nimia
226 1116 405 1184 obsequentia
422 1115 590 1184 reliquorum
608 1116 649 1169 uti
667 1116 717 1170 hoc
733 1117 937 1172 incommodum

87 1193 269 1262 acciperetur:
289 1194 319 1247 id
330 1196 422 1248 tamen
435 1210 465 1247 se
479 1193 607 1247 celeriter
620 1192 770 1261 majoribus
786 1195 937 1250 commodis

87 1273 253 1324 sanaturum.
289 1270 316 1323 N
318 1287 362 1324 am
374 1285 445 1338 quae
457 1269 492 1323 ab
504 1269 617 1337 reliquis
636 1269 720 1324 Gallis
738 1270 865 1324 civitates
883 1271 938 1324 dis-

87 1346 228 1412 sentirent,
247 1347 296 1400 has
314 1363 363 1400 sua
381 1345 523 1414 diligentia
540 1345 733 1413 adjunctarum
751 1349 834 1414 atque
851 1363 937 1401 unum

87 1422 229 1476 consilium
242 1423 328 1477 totius
340 1421 445 1476 Galliae
459 1422 627 1488 effecturum,
642 1421 721 1490 cujus
739 1423 883 1476 consensui
900 1440 937 1477 ne

87 1499 161 1552 orbis
174 1499 285 1567 quidem
298 1502 434 1553 terrarum
446 1497 534 1566 pessit
545 1497 680 1551 obsistere
687 1509 697 1563 ;·
708 1497 792 1566 idque
804 1514 834 1553 se
849 1515 938 1568 prope

84 1574 142 1642 jam
166 1576 292 1629 effectum
315 1575 424 1628 habere.
461 1574 573 1627 interea
600 1589 718 1641 aequum
747 1590 808 1628 esse
837 1574 873 1628 ab
903 1576 938 1630 iis

87 1652 236 1705 communis
260 1651 355 1704 salutis
378 1666 460 1704 causa
482 1649 626 1718 impetrari
648 1654 681 1703 ut
709 1647 800 1704 castra
828 1652 939 1706 munire

87 1726 269 1796 instituerent,
293 1744 346 1797 quo
363 1727 469 1781 facilius
488 1726 645 1794 repentinos
671 1727 792 1781 hostium
816 1727 939 1796 impetus

88 1803 224 1858 sustinere
236 1808 355 1873 possent.
440 1799 444 1807 “

110 1881 112 1885 ’
139 1885 181 1934 30.
217 1880 282 1934 Fuit
293 1879 360 1933 haee
372 1879 459 1952 oratio
470 1894 524 1931 non
536 1877 644 1945 ingrata
662 1878 755 1946 Gallis,
769 1881 799 1933 et
816 1880 939 1936 maxime

88 1956 163 2024 quod
173 1956 233 2024 ipse
244 1955 333 2009 auimo
342 1972 396 2008 non
405 1954 627 2008 defecerattanto
636 1958 749 2024 accepto
758 1955 939 2026 incommodo,

88 2048 177 2097 neque
194 2047 224 2084 se
242 2031 271 2084 in
293 2032 428 2084 occultum
448 2029 595 2083 abdiderat
622 2037 651 2084 et
675 2035 850 2100 conspectum
869 2034 940 2086 mul-

88 2107 214 2161 titudinis
226 2106 349 2175 iugerat;
365 2107 482 2176 plusque
494 2105 584 2161 anime
600 2106 745 2175 providere
763 2112 792 2161 et
809 2124 939 2176 praescu-

88 2184 142 2237 tire
164 2183 380 2249 existimabatur,
405 2181 479 2249 quod
503 2198 534 2235 re
558 2182 667 2250 integra
683 2184 771 2252 primo
790 2183 939 2238 incenden-

89 2260 155 2313 dum
176 2259 330 2326 Avaricum,
352 2260 416 2328 post
440 2258 622 2311 deserendum
646 2262 798 2313 censuerat.
835 2260 937 2329 Itaque

87 2341 120 2390 ut
137 2335 303 2405 reliquorum
320 2336 515 2404 imperatorum
532 2351 578 2388 res
595 2333 727 2389 adversae
744 2336 938 2390 auctoritatem

88 2413 222 2480 minuruit,
244 2411 283 2466 sie
300 2411 382 2480 hujus
406 2428 440 2465 ex
464 2410 601 2464 contrario
624 2410 743 2487 digmtas
766 2411 938 2466 incommodo

88 2492 201 2558 accepto
219 2488 249 2542 in
270 2489 329 2542 dics
350 2487 515 2556 augebatur:
539 2486 619 2540 simul
642 2487 670 2540 in
691 2503 768 2556 spem
790 2488 939 2543 veniebant

88 2565 150 2634 ejus
173 2565 352 2619 affirmatione
375 2564 411 2617 de
434 2563 548 2631 reliquis
571 2562 753 2632 adjungendis
771 2563 938 2631 civitatibus,

88 2642 261 2712 primumque
273 2657 306 2694 eo
318 2645 442 2708 tempore
455 2639 525 2694 Galli
537 2643 626 2693 castra
635 2640 742 2694 munire
750 2640 938 2708 instituenrnt,

89 2721 119 2772 ct
142 2719 180 2771 sic
199 2721 263 2771 sunt
281 2717 370 2770 animo
389 2714 555 2770 consternati
574 2715 697 2769 homines
717 2715 817 2769 insueti
836 2715 940 2770 laboris

89 2797 122 2848 ut
134 2794 224 2847 omnia
236 2809 305 2860 quae
318 2793 517 2861 imperarentur
529 2789 580 2843 sibi
592 2791 725 2858 patienda
737 2795 766 2844 et
774 2791 940 2859 perferenda

89 2870 285 2924 existimarent.
689 2866 691 2870 ’

137 2961 179 3008 31.
216 2955 279 3009 Nec
297 2953 387 3007 miuus
408 2968 491 3022 quam
510 2955 554 3006 est
573 2952 709 3020 pollicitus
730 2952 940 3020 Vercingetorix

67 3031 164 3083 nnrbro
173 3031 327 3088 laborabat
346 3035 378 3086 ιιι
395 3031 521 3102 reliquas
536 3029 668 3084 ciuitates
682 3027 952 3094 adiungeremus

53 3117 156 3159 carum
176 3110 336 3182 principes
361 3111 450 3167 donis
481 3103 799 3182 pollicitationibusque
821 3095 973 3176 mindiensi„

39 3171 122 3232 Huic
142 3185 191 3238 rei
214 3189 348 3251 idoneos
375 3192 523 3250 homines
540 3183 708 3252 deligebat,
725 3185 850 3244 quaerum
866 3176 991 3228 ww
