2018 3396
760 39 804 79 s

441 120 551 167 LIBER
568 120 617 168 VI.
911 120 957 171 107

110 198 185 254 bant.
203 197 242 252 Eo
254 199 314 252 turn
326 199 458 252 staturos
470 202 530 253 crat
541 201 574 252 ut
585 198 665 266 longe
677 199 813 269 principes
824 197 969 253 haberen-

110 277 158 329 tur
172 274 271 342 Aedui,
284 274 432 328 secundum
444 274 532 328 locum
544 274 686 342 dignitatis
698 275 779 328 Remi
791 275 956 331 obtinerent.

165 356 204 404 13.
242 351 276 403 In
288 352 360 404 omni
373 351 460 406 Gallia
472 368 566 406 eorum
578 350 725 419 hominum,
735 351 783 420 qui
792 351 883 421 aliquo
892 359 955 406 sunt

111 432 224 480 numero
248 430 332 496 atque
354 426 464 494 honore,
481 443 583 495 genera
605 431 670 482 sunt
694 427 763 494 duo;
780 444 844 481 nam
860 428 957 496 plebes

110 519 198 572 paene
216 518 356 558 servorum
372 503 489 557 habetur
504 502 571 569 loco,
588 519 659 570 quae
674 503 741 556 nihil
756 503 841 557 audet
855 518 906 572 per
920 521 957 572 so,

111 577 163 647 [et]
176 579 249 632 nullo
262 577 408 632 adhibetur
420 578 539 633 consilio.
574 578 711 648 Plerique,
724 595 809 647 quum
827 583 876 634 aut
892 596 957 634 aare

111 655 200 707 alieno
212 657 260 708 aut
272 654 461 722 magnitudine
477 654 644 709 tributorum
660 659 708 709 aut
723 654 823 722 injuria
838 656 958 723 potenti-

111 746 189 782 orum
206 734 375 798 premuntur,
393 746 453 784 seso
472 730 501 783 in
520 731 681 785 servitutem
698 731 791 784 dicant
806 731 959 786 nobilibus:

111 806 140 858 in
152 805 201 858 hos
214 806 310 859 cadom
327 807 418 860 omnia
434 809 498 861 sunt
510 807 576 875 jura
591 824 662 877 quac
679 807 795 875 dominis
811 807 840 859 in
856 824 956 863 servos.

112 880 218 962 Seddq
228 882 271 934 his
284 881 390 934 duobus
401 882 545 950 generibus
558 883 674 937 alterum
684 886 726 937 ost
736 883 879 950 Druidum,
889 883 958 938 altc-

111 974 172 1010 rum
196 959 327 1026 equitum.
368 957 414 1011 Illi
436 958 518 1012 rebus
541 959 640 1031 diiinis
663 959 808 1026 intersunt,
828 959 958 1013 sacrificia

110 1033 220 1101 publica
231 1051 263 1086 ac
281 1035 388 1102 privata
404 1039 559 1103 procurant,
572 1036 718 1104 religiones
733 1036 957 1103 interpretantur.

112 1109 160 1162 Ad
172 1110 221 1162 hos
231 1127 344 1178 magnus
353 1110 564 1164 adolescentium
574 1129 702 1165 numerus
712 1111 869 1179 disciplinae
878 1127 959 1164 causa

111 1186 254 1253 concurrit,
276 1203 428 1255 magnoque
447 1186 476 1239 hi
497 1190 560 1241 sunt
575 1188 654 1256 apud
675 1204 721 1241 eos
742 1187 849 1241 honore.
886 1186 958 1239 Nam

111 1262 169 1314 fero
186 1261 221 1314 do
237 1262 362 1316 omnibus
378 1263 569 1337 controversiis
584 1263 699 1332 publicis
715 1263 882 1331 privatisque
896 1277 958 1315 con-

112 1338 247 1402 stituunt;
268 1343 297 1391 ct
317 1337 341 1390 si
362 1337 436 1406 quod
458 1340 501 1391 est
521 1337 670 1392 admissum
690 1338 801 1405 facinus,
819 1339 842 1391 si
860 1337 959 1392 caedes

111 1413 191 1481 sacta,
208 1414 230 1466 si
245 1414 285 1466 ¹do
301 1413 464 1482 hereditate,
480 1413 525 1483 [si]
542 1414 578 1467 do
594 1414 693 1468 finibus
708 1413 891 1468 controversia
906 1417 958 1482 cst,

35 1485 39 1491 ’
112 1489 195 1542 iidem
217 1489 381 1554 decernunt3
403 1489 524 1557 praemia
543 1506 698 1559 poenasque
717 1489 892 1547 constituunt.
929 1489 958 1543 si

111 1565 158 1634 qui
170 1568 218 1618 aut
230 1565 351 1632 lnivatus
368 1569 416 1618 aut
431 1565 547 1634 populus
563 1582 656 1620 eorum
673 1566 785 1620 decreto
800 1581 855 1618 non
871 1567 958 1630 stetit,

112 1641 251 1694 sacrificiis
263 1639 437 1694 interdicunt.
474 1641 551 1695 Haec
562 1657 650 1710 poena
661 1641 735 1710 apud
747 1657 793 1694 eos
805 1644 847 1695 est
856 1641 958 1711 gravia

112 1716 189 1769 sima.
225 1716 329 1778 Quibus
340 1716 380 1769 ita
392 1721 436 1770 cst
448 1717 633 1786 interdictum,
645 1713 674 1792 hi
686 1733 799 1771 numero
813 1717 957 1785 impiorum

112 1808 145 1846 ac
162 1791 356 1845 sceleratorum
374 1792 524 1848 habentur:
549 1792 606 1862 [ab]
629 1793 671 1847 his
689 1809 781 1846 omues
805 1792 958 1862 discedunt,

112 1867 217 1921 aditum
230 1884 325 1920 corum
337 1883 543 1936 sermonemque
556 1868 698 1936 defugiunt
710 1886 745 1922 nc
763 1868 829 1936 quid
846 1884 880 1922 cx
895 1885 956 1921 con·

112 1945 221 2012 tagiono
240 1943 403 1997 incommodi
419 1944 560 2013 accipiant,
577 1961 666 2012 neque
682 1944 725 1998 his
740 1944 898 2014 petentibus
910 1944 958 2013 jus

113 2019 239 2072 redditur
250 2034 340 2094 noque
352 2019 437 2072 honos
453 2019 524 2072 ullus
540 2021 759 2074 communicatur.
796 2017 848 2074 His
865 2024 958 2074 autem

113 2095 238 2148 omuibus
251 2093 403 2148 D‘ruidibus
413 2098 524 2164 praeest
535 2112 613 2162 unus,
626 2097 672 2164 qui
684 2113 816 2150 summam
828 2096 958 2150 intereos

113 2171 196 2225 habet
220 2172 417 2224 auctoritatem.
455 2172 515 2225 Hoc
538 2176 653 2240 mortuo,
677 2172 700 2225 si
721 2173 769 2241 qui
788 2189 822 2226 ex
845 2171 958 2240 reliquis

113 2246 221 2301 excellit
245 2246 389 2314 dignitato,
413 2246 548 2302 succedit:
570 2251 599 2302 at
623 2248 646 2301 si
670 2250 734 2301 sunt
756 2249 848 2317 plures
871 2264 958 2317 pares,
999 2288 1005 2298 .

114 2322 240 2390 suffragio
250 2322 387 2376 Druidum
396 2321 559 2392 [allegitur];
571 2340 773 2391 nonnumquam
783 2324 865 2378 otiam
875 2324 959 2397 armis

114 2399 149 2452 do
168 2398 322 2467 principatu
343 2398 520 2453 contendunt.
556 2399 596 2451 Hi
615 2404 690 2452 certo
709 2401 771 2452 anni
789 2403 912 2468 temporo
929 2400 959 2452 in

113 2475 213 2527 finibus
226 2475 385 2542 Carnutum,
399 2491 469 2543 quae
481 2475 557 2543 regio
569 2476 654 2529 totius
664 2475 769 2543 Galliae
778 2475 869 2528 modia
877 2475 959 2529 habc-

113 2553 167 2618 tur,
179 2551 323 2604 considunt
334 2551 361 2603 iu
377 2551 436 2604 loco
452 2556 614 2621 consecrato
651 2551 714 2603 Huc
730 2566 822 2602 omncs
837 2550 959 2620 undique

114 2627 162 2693 qui
175 2627 371 2680 controversias
383 2626 486 2680 hahent
498 2628 668 2694 conveniunt,
681 2642 829 2694 corumque
841 2626 959 2681 decretis

110 2701 277 2770 judiciisque
305 2706 409 2771 parcnt.
449 2703 598 2772 Disciplina
624 2703 653 2755 in
681 2702 823 2756 Britannia
849 2709 960 2771 reporta

113 2781 198 2845 atquc
217 2778 281 2831 indo
303 2778 333 2832 in
357 2779 472 2833 Galliam
496 2779 630 2833 translata
647 2795 707 2831 csso
725 2778 912 2844 existimatur;
930 2782 960 2833 et

114 2869 193 2920 nunc,
210 2854 257 2921 qui
276 2853 434 2922 diligentius
450 2872 511 2909 carn
527 2872 586 2908 rom
602 2869 764 2922 cognoscere
782 2853 884 2921 volunt,
902 2854 960 2924 plc-

114 2930 289 2997 rumqucillo
301 2930 422 2984 discendi
435 2948 516 2985 causa
527 2930 748 3000 proficiscuntur.
968 2993 976 3005 ⁸

166 3011 207 3058 14.
242 3006 362 3061 Druides
382 3007 490 3063 abello
508 3008 610 3063 abesse
630 3007 932 3067 eonsuermnhstxffihKQ
941 2997 1001 3040 W·

106 3080 173 3132 buta
195 3098 249 3136 una
273 3100 338 3138 cum
359 3086 483 3158 reliquis
505 3086 663 3158 pendunt,
678 3079 814 3136 militiae
828 3065 997 3146 iraeadem

94 3157 278 3230 omniumque
296 3178 399 3222 rerum
418 3166 537 3225 habent
554 3159 803 3223 immeditatem·
834 3138 956 3196 mm
971 3136 1006 3169 e«
