2018 3396
91 139 138 187 130
340 94 373 184 ⁹0.
390 135 492 186 JULII
509 135 682 184 CAESARIS

90 221 242 275 munitione
257 219 431 274 defenderet:
452 219 576 288 equitum
594 234 659 273 vero
677 235 787 288 operum
802 237 894 289 neque
914 221 943 274 in

89 296 148 350 loco
177 296 294 364 palustri
314 295 466 349 desiderari
490 294 627 364 debuisse,
651 298 682 350 et
707 295 763 349 illic
783 296 870 350 fuisse
887 298 943 352 uti·

89 373 143 426 lem
171 378 224 440 'quo
251 371 307 425 sint
331 372 460 439 profecti:
486 387 620 425 summam
642 371 750 440 imperii
768 388 798 425 se
816 373 943 428 consulto

89 448 157 501 nulli
169 448 356 502 discedentem
374 447 530 516 tradidisse,
544 465 579 502 ne
597 448 621 501 is
641 448 827 502 multitudinis
848 450 943 504 studio

89 524 126 577 ad
150 523 335 577 dimicandum
359 524 547 592 impelleretur
554 545 561 590 ;
586 524 630 578 cui
653 525 695 577 rei
718 527 832 593 propter
858 525 942 579 animi

89 600 231 654 mollitiem
244 599 356 653 studere
368 616 461 653 omnes
477 599 593 667 videret,
610 600 684 668 quod
701 601 803 654 diutius
817 601 942 656 laborem

89 676 162 729 serre
177 692 230 729 non
246 679 366 744 possent.
401 675 518 728 Romani
535 677 558 728 si
574 693 639 730 casu
659 677 867 744 intervenerint,
887 677 943 731 for·

89 754 172 805 trume
179 772 186 816 ;
205 752 228 805 si
240 751 355 819 alicujus
367 751 468 805 indicio
480 751 576 818 vocati,
586 751 650 805 huie
659 752 813 806 habendam
822 753 940 820 gratiam

59 874 65 889 ,
89 827 163 895 quod
175 831 205 881 et
216 827 383 896 paucitatem
396 844 490 880 eorum
503 845 537 881 ex
548 828 608 881 loeo
620 829 760 896 superiore
776 845 941 896 cognoscere

88 907 118 956 ct
133 905 264 957 virtutem
279 903 420 972 despicere
434 904 582 972 potuerint,
597 904 645 979 qpi
662 905 792 958 dimicare
809 921 864 958 non
881 907 941 960 ausi
986 908 992 925 '

88 979 208 1047 turpiter
219 975 249 1032 ‘se
261 979 290 1031 in
302 983 393 1033 eastra
407 980 567 1049 receperint.
604 980 756 1049 Imperium
774 997 804 1033 se
818 980 855 1034 ab
873 981 941 1035 an-

88 1072 149 1108 sare
172 1072 223 1124 per
245 1056 426 1125 proditionem
444 1056 548 1109 nullum
567 1055 726 1110 desiderare
744 1057 818 1124 quod
835 1057 940 1112 habero

87 1131 201 1185 victoria
224 1135 324 1200 posset,
349 1148 419 1201 quae
439 1131 499 1199 jam
523 1135 597 1186 esset
621 1132 672 1185 sibi
699 1136 783 1200 atque
812 1133 941 1188 omnibus

89 1206 175 1260 Gallis
198 1208 352 1276 explorata:
378 1207 443 1276 quin
468 1208 552 1261 etiarn
575 1208 641 1275 ipsis
664 1208 815 1276 remittere,
840 1209 864 1262 si
887 1209 940 1263 sibi

87 1284 174 1350 magis
190 1283 319 1337 honorem
338 1283 460 1337 tribuere
479 1300 561 1352 quam
577 1285 612 1337 ab
632 1301 661 1337 se
682 1284 798 1339 salutem
815 1286 940 1354 accipere

86 1359 240 1417 videantur.
277 1360 354 1413 Haec
373 1364 404 1413 ut
425 1359 592 1427 intelligatis,
611 1361 709 1429 inquit,
728 1376 745 1413 a
763 1377 809 1414 mc
833 1361 940 1415 sincere

86 1436 267 1504 pronunciari,
282 1436 376 1489 audite
394 1436 531 1489 Romanos
549 1436 657 1490 milites.
694 1436 828 1490 Producit
846 1454 940 1492 servos

87 1528 155 1578 quos
179 1512 207 1564 in
231 1512 406 1580 pabulatione
424 1512 518 1580 paucis
536 1516 600 1565 ante
619 1512 717 1566 diebus
738 1516 886 1580 exceperat
909 1519 939 1567 et

86 1586 159 1641 fame
177 1588 345 1658 vinculisque
369 1589 577 1641 excruciaverat.
616 1588 654 1640 Hi
674 1587 734 1656 jam
757 1591 823 1642 ante
847 1589 939 1644 edocti

86 1680 158 1732 quae
180 1664 343 1733 interrogati
361 1664 579 1732 pronunciarent,
600 1664 705 1717 Milites
723 1680 753 1717 se
772 1680 833 1717 esse
854 1664 939 1732 legio-

85 1740 176 1793 narios
188 1741 296 1796 dicunt:
313 1740 385 1794 fame
398 1743 427 1793 et
442 1740 533 1809 inopia
548 1740 682 1793 adductos
700 1740 770 1793 elam
786 1756 822 1793 ex
840 1743 939 1795 castris

86 1816 182 1882 exisse,
199 1817 222 1869 si
241 1817 308 1887 quid
329 1816 459 1869 frumenti
480 1820 528 1870 aut
549 1816 656 1884 pecoris
673 1816 702 1869 in
722 1816 795 1884 agris
814 1817 939 1884 reperire

86 1896 210 1960 possent:
240 1894 321 1946 simili
346 1909 453 1946 omnem
477 1892 628 1946 exercitum
652 1892 744 1961 inopia
766 1893 863 1960 premi,
887 1909 939 1946 uec

80 1967 140 2034 jam
155 1969 227 2022 vires
246 1968 369 2023 sufficere
390 1969 523 2035 cuiquam,
543 1969 684 2025 ncc.ferre
705 1969 794 2036 operis
814 1967 939 2022 laborem

60 2058 179 2112 ‘possez
191 2045 285 2113 itaque
301 2045 430 2098 statuisse
444 2045 644 2112 imperatorem,
661 2044 684 2097 si
701 2043 769 2096 nihil
786 2042 815 2096 iu
832 2059 939 2114 oppug-

85 2120 195 2174 natione
215 2121 308 2189 oppidi
326 2120 493 2188 profeeisset,
512 2119 605 2173 triduo
623 2121 774 2174 exercitum
791 2119 939 2175 deducere.

86 2195 171 2261 Haec,
193 2197 396 2264 imputante,
420 2196 638 2264 Vercingetorix,
662 2195 796 2250 beneficia
818 2193 937 2263 habetis,

85 2287 167 2338 quom
179 2272 340 2341 proditionis
352 2270 521 2339 insimulatis,
529 2271 607 2340 cujus
617 2288 700 2341 opera
707 2272 764 2325 sine
775 2274 868 2324 vestro
877 2289 939 2326 san-

84 2347 167 2414 guine
180 2351 287 2400 tantum
300 2348 450 2400 exercitum
463 2348 594 2401 victorem
605 2348 678 2401 fame
690 2363 777 2416 paene
794 2363 938 2417 censump

85 2426 144 2476 tum
156 2422 270 2487 videtis;
286 2439 368 2490 quem
381 2423 500 2490 turpiter
512 2439 542 2476 se
554 2440 588 2476 ex
606 2423 656 2489 hap
673 2423 738 2490 fuga
756 2421 937 2490 recipientem

84 2514 119 2551 ne
133 2516 186 2567 qua
198 2499 293 2552 civitas
305 2498 361 2550 suis
373 2499 473 2551 finibus
485 2499 601 2568 recipiat
612 2515 682 2553 ame
690 2498 830 2568 provisum
842 2503 893 2554 est.

137 2580 180 2629 21.
211 2574 369 2629 Conclamat
380 2574 467 2627 omnis
480 2575 627 2629 multitudo
639 2579 669 2628 et
691 2591 740 2628 suo
757 2590 833 2628 mere
851 2577 937 2630 ermis

83 2653 238 2718 concrepat,
252 2651 327 2720 quod
338 2652 428 2704 facere
440 2651 468 2702 in
479 2667 511 2704 eo
520 2653 686 2704 consuerunt
695 2651 773 2719 eujus
782 2650 936 2706 orationem

84 2726 250 2795 approbant:
269 2730 410 2780 Summum
422 2743 483 2780 csse
495 2726 750 2795 Vercingetorigem
763 2726 870 2795 ducem,
884 2744 936 2782 nee

84 2801 120 2856 de
133 2802 193 2871 ejus
205 2803 261 2856 fide
274 2803 463 2869 dubitandum,
475 2818 526 2856 nec
537 2801 591 2870 maj
595 2819 642 2855 ore
653 2804 759 2856 ratione
771 2802 874 2856 bellum
885 2804 935 2856 ad-

82 2879 233 2932 ministrari
254 2895 340 2946 posse.
370 2880 502 2932 Statuunt
525 2882 557 2932 ut
581 2879 676 2932 decem
699 2879 774 2932 milia
793 2878 934 2934 hominum

83 2953 191 3009 delecte
203 2972 236 3008 ex
249 2955 373 3008 omuibus
385 2955 469 3023 eopiis
480 2954 510 3007 in
521 2955 651 3023 oppidum
665 2954 870 3023 submittantur,
882 2972 934 3010 uec

68 3030 138 3082 solis
158 3031 339 3102 Biturigibus
364 3048 539 3088 communem
565 3031 684 3086 sulutem
709 3030 934 3101 committendam

56 3110 181 3175 censent,
206 3111 287 3180 quod
313 3128 405 3181 penes
425 3128 486 3183 eos,
505 3112 532 3167 si
551 3109 585 3164 id
604 3107 743 3178 oppidum
757 3103 952 3168 retinuissent,

45 3185 188 3240 munnam
206 3188 351 3249 victoriae
365 3196 506 3250 constare
517 3184 735 3256 intelligebant·
