2018 3396
384 129 496 180 LIBER
512 129 594 179 VIII.
868 130 917 184 177

62 215 186 286 quendos
202 212 352 281 contendit,
365 228 401 266 ne
417 210 476 282 [de]
486 210 654 265 detrimento
670 212 718 264 ant
733 211 833 266 timore
852 212 917 266 Pro

61 292 166 346 vinciae
184 306 282 358 magna
296 289 407 342 infamia
423 287 595 356 perditorum
612 286 752 340 hominum
770 288 917 342 latrocimis

63 370 219 435 caperetur.

115 449 156 496 31.
180 443 210 496 C.
222 441 324 496 Fabius
336 457 398 494 eum
413 439 518 507 reliquo
536 438 659 492 exercitu
676 437 705 491 in
724 439 858 494 Carnutes
875 457 919 495 ce-

63 523 191 586 terasque
207 517 390 586 proficiscitur
402 512 535 582 civitates,
548 530 665 582 quarum
678 530 710 568 eo
721 516 825 583 proelio
844 517 918 585 qued

64 611 126 648 cum
140 593 280 646 Dumnaco
298 593 403 646 fecerat
420 591 511 660 copias
529 607 589 646 esse
607 593 709 646 accisas
726 592 844 660 sciebat;
866 609 919 647 non

65 671 138 724 enim
163 669 310 723 dubitabat
334 668 400 737 quin
423 667 528 721 recenti
549 668 712 729 calamitate,
729 669 920 724 submissiores

66 749 159 800 essent
182 746 300 808 futurae,
322 744 388 798 dato
411 761 476 798 uero
500 744 589 812 spatio
613 761 645 798 ac
670 748 795 814 tempore
823 746 920 800 eodem

65 823 188 875 instante
200 820 341 874 Dumnaco
353 824 466 889 possent
479 820 616 875 concitari.
654 821 714 886 Qua
725 821 754 874 in
766 838 797 875 re
815 837 921 876 summa

65 897 185 951 felicitas
197 897 379 966 celeritasque
398 896 426 950 in
445 896 611 966 recipiendis
628 897 786 952 civitatibus
805 898 919 952 Fabium

67 975 251 1042 consequitur.
273 973 345 1027 liam
358 972 501 1040 Carnutes,
514 973 562 1041 qui
575 989 656 1040 saepe
668 974 761 1027 vexati
772 989 921 1044 numquam

66 1051 142 1119 pacis
164 1051 286 1104 iecerunt
310 1050 484 1117 mentionem,
499 1050 583 1116 ⁴datis
601 1049 743 1102 obsidibus
760 1051 874 1104 veniunt
891 1050 921 1103 in

68 1127 253 1190 deditionem
271 1129 436 1192 ceteraeque
460 1125 592 1190 civitates,
622 1126 729 1192 positae
757 1125 787 1178 in
816 1125 921 1179 ultimis

69 1202 175 1256 Galliae
200 1201 306 1268 finibus,
332 1201 440 1253 Oceano
464 1200 634 1269 conjunctae,
660 1217 731 1268 quae
761 1200 921 1255 Armoricae

69 1278 251 1347 appellantur,
276 1276 440 1330 auctoritate
459 1276 596 1335 adductae
615 1276 776 1345 Carnutum,
800 1276 922 1332 adventu

70 1354 149 1408 Fabii
161 1354 355 1421 legionumque
366 1353 503 1421 imperata
520 1353 578 1406 sine
595 1368 674 1406 mora
690 1352 800 1406 faciunt
836 1352 922 1407 Dum-

69 1446 153 1483 nacus
177 1430 234 1483 suis
259 1428 360 1482 tinibus
380 1427 516 1497 expulsus,
540 1444 636 1482 errans
659 1428 826 1497 latitansque
850 1429 923 1482 selus

70 1510 209 1560 extremas
222 1504 328 1560 Galliae
340 1504 465 1572 regiones
478 1507 574 1574 petere
586 1506 630 1558 est
641 1507 757 1558 coactus.

55 1632 57 1636 .
123 1587 164 1635 32.
199 1583 240 1635 At
257 1581 383 1650 Drappes
403 1597 511 1648 unaque
529 1580 681 1648 Lucterius,
699 1597 783 1648 quum
800 1579 924 1648 legiones

44 1651 49 1661 ’
72 1658 269 1726 Caniniumque
290 1655 388 1710 adesse
411 1659 613 1724 cognoscerent,
638 1672 688 1710 nee
712 1672 742 1710 se
767 1656 824 1710 sine
848 1661 925 1710 certa

71 1734 191 1804 pernicie
202 1737 385 1803 persequente
397 1733 521 1787 exercitu
534 1735 665 1802 putarent
681 1732 840 1787 Provinciae
855 1733 925 1786 fines

71 1811 175 1863 intrare
187 1825 274 1878 posse,
283 1825 334 1862 nee
342 1808 401 1877 jam
413 1808 528 1862 liberam
537 1806 654 1876 vagandi
666 1808 925 1875 latrociniorumque

71 1885 259 1939 taciendomm
278 1884 438 1938 facultatem
461 1884 604 1952 haberent,
625 1883 777 1939 consistunt
799 1885 829 1938 in
852 1885 926 1953 agris

60 1961 267 2015 Cadurcorum.
304 1959 348 2013 Ibi
357 1977 443 2028 quum
454 1960 598 2014 Lucterius
607 1960 682 2029 apud
691 1977 753 2014 sues
762 1961 834 2015 cives
843 1977 927 2030 quon-

73 2037 137 2090 dam
149 2036 263 2104 integris
274 2035 357 2090 rebus
368 2036 486 2090 multum
500 2037 643 2106 potuisset,
657 2052 817 2106 semperque
831 2040 927 2090 auctor

72 2129 205 2166 novorum
217 2112 389 2166 consiliorum
403 2128 530 2180 magnam
545 2112 619 2182 apud
633 2111 764 2167 barbaros
780 2113 927 2185 auetorita-

73 2192 132 2242 tem
149 2187 272 2255 baberet,
287 2188 418 2258 oppidum
437 2187 647 2255 Uxellodunum,
664 2190 738 2258 quod
755 2189 783 2242 in
801 2189 928 2243 clientela

73 2265 166 2319 iuerat
177 2263 244 2334 ejus,
256 2267 356 2318 natura
367 2264 418 2318 loci
433 2265 542 2333 egregie
554 2265 696 2332 munitum,
707 2269 821 2334 occupat
833 2266 928 2319 suiset

75 2341 225 2410 Drappetis
237 2341 330 2411 copiis,
342 2341 547 2411 oppidanosque
559 2341 611 2395 sibi
623 2341 772 2410 conjungit.

129 2423 170 2471 33.
206 2417 265 2482 Quo
280 2433 363 2484 quum
381 2417 524 2471 confestim
544 2416 573 2470 C.
589 2416 715 2471 Caninius
731 2417 858 2484 uenisset,
873 2416 929 2469 ani-

77 2492 318 2561 madverteretque
337 2509 432 2546 omnes
458 2491 552 2562 oppidi
574 2496 668 2560 partes
698 2492 930 2560 praeruptissimis

78 2568 151 2621 saxis
163 2583 223 2621 esse
234 2568 360 2633 munitas,
373 2584 427 2636 quo
441 2567 607 2621 defendente
623 2567 696 2620 nullo
711 2571 804 2621 tumen
817 2568 931 2621 armatis

79 2642 227 2697 ascendere
241 2646 315 2696 esset
328 2642 444 2709 difficile,
456 2659 557 2709 magna
570 2645 663 2696 autem
677 2642 875 2712 impedimenta
886 2659 932 2712 op-

79 2718 242 2787 pidanorum
256 2717 371 2784 aderet,
384 2734 456 2786 quae
469 2718 492 2772 si
507 2717 677 2772 clandestina
690 2719 755 2785 iuga
769 2718 932 2772 subtrahero

80 2796 251 2858 conarentur,
259 2793 378 2861 effugere
388 2809 442 2845 non
450 2792 531 2846 medo
541 2793 702 2861 equitatum,
711 2793 760 2847 sed
768 2810 804 2848 ne
812 2793 932 2862 legiones

81 2870 193 2940 quidem
209 2872 328 2939 possent,
345 2869 487 2937 tripertito
505 2869 662 2924 cohortibus
683 2870 779 2924 divisis
793 2871 866 2925 trina
886 2887 933 2922 ex-

82 2944 230 2999 celsissimo
241 2944 300 2998 loeo
312 2948 402 2998 eastra
416 2945 489 3013 feeit,
502 2961 518 2999 a
530 2945 807 3015 quibuspaullat'xm,
814 2942 958 3002 emm

84 3021 178 3090 copiae
195 3020 380 3092 patiebantur,
397 3021 506 3079 vallum
520 3021 555 3077 in
569 3019 677 3090 oppidi
694 3014 862 3070 anodiam
872 3003 958 3048 mee

77 3097 207 3152 IDSIIIUID.
827 3147 836 3158 .
904 3132 913 3143 “
927 3135 958 3170 w

122 3179 164 3229 34.
191 3175 276 3244 Quod
287 3195 382 3253 quum
391 3164 759 3238 animadverterem
769 3140 930 3216 <Quam
