2018 3396
373 115 402 162 Ο.
420 113 525 162 JULII
542 114 715 162 CAESARIS

104 197 195 264 jungit
207 211 277 264 cquo
294 195 435 261 Quadrati,
447 195 597 263 lanceaque
613 193 714 248 infesta
729 194 851 248 medium
869 195 959 248 femur

105 273 165 341 ejus
178 272 283 340 maguis
295 271 399 325 viribus
411 271 553 339 transjicit.
590 271 733 325 Praefecto
747 271 891 324 vulnerato
904 287 958 324 non

104 349 232 403 dubitant
256 348 343 402 nostri
366 349 495 401 resistcre
518 350 548 401 et
571 347 693 402 conversi
716 346 824 400 hostem
848 346 959 415 pellere.

105 425 186 489 Quod
197 423 244 478 ubi
261 424 367 491 accidit,
385 423 538 492 complures
552 423 672 477 hostium
687 438 785 491 magno
801 426 959 476 nostrorum

104 500 209 570 impetu
221 500 339 568 perculsi
351 501 528 554 vulnerantur
541 503 570 554 ct
582 500 684 568 partim
696 499 725 552 in
735 500 801 567 fuga
815 502 960 567 proterun-

104 579 158 643 tur,
170 577 271 646 partim
287 576 518 643 intercipiuntur,
530 575 604 645 quod
622 573 692 644 [ubi]
709 575 811 628 malum
825 574 883 628 dux
895 573 959 642 equi

104 652 249 706 velocitate
269 652 398 715 evitavit;
422 651 543 719 graviter
564 647 722 705 vulneratus
746 649 904 720 praefectus
926 652 959 703 ut

103 727 177 781 vitae
197 726 347 795 periculum
365 726 490 780 aditurus
510 727 653 781 rideretur
671 727 791 780 refertur
812 724 841 777 in
861 727 959 778 castra.

105 802 243 856 Commius
267 805 359 855 autem
383 803 440 856 sive
457 803 567 871 expiato
587 819 636 856 suo
660 802 754 856 dolore
778 800 836 854 sive
859 817 959 868 magna

103 880 183 945 parte
198 876 297 930 amissa
309 893 420 931 suorum
432 877 537 945 legatos
549 877 586 931 ad
598 877 750 931 Antonium
765 876 861 943 mittit,
874 892 959 944 seque

104 957 134 1006 et
149 952 187 1005 ibi
204 952 327 1006 futurum
343 953 390 1006 ubi
407 953 617 1024 praescripserit
635 957 664 1008 et
680 969 713 1007 ea
731 953 869 1006 iacturum
887 968 958 1021 quae

104 1028 280 1097 imperaverit
293 1028 436 1082 obsidibus
453 1028 549 1099 [datis]
565 1030 665 1084 firmat.
699 1028 793 1082 Unum
810 1027 879 1080 illud
897 1030 959 1082 orat

105 1108 136 1157 ut
144 1104 234 1158 timori
247 1121 296 1158 suo
310 1105 478 1159 concedatur
489 1122 524 1159 ne
536 1107 564 1159 in
576 1107 753 1175 conspectum
765 1104 857 1157 ueniat
868 1103 959 1171 cujus-

105 1197 188 1248 quam
211 1180 333 1234 Romani.
371 1180 458 1245 Quam
483 1180 695 1250 postulationem
717 1180 854 1233 Antonius
873 1195 958 1247 quum

100 1255 240 1323 judicaret
255 1256 290 1310 ab
305 1255 384 1324 justo
401 1257 476 1310 nasci
498 1257 606 1323 timore,
623 1257 730 1310 veniam
747 1254 854 1324 petenti
872 1255 958 1326 dedit,

103 1330 213 1385 obsides
225 1333 338 1402 accepit.

156 1449 216 1503 Scio
241 1450 387 1504 Caesarem
406 1449 576 1517 singulorum
594 1467 727 1504 annorum
748 1451 868 1519 singulos
888 1468 960 1506 com·

78 1559 80 1564 ·
104 1525 252 1579 mentarios
265 1525 426 1580 coniecisse:
439 1527 513 1594 quod
526 1522 578 1596 ego
589 1544 643 1581 non
656 1528 808 1581 existimavi
819 1527 886 1580 mihi
899 1545 959 1582 esse

105 1600 265 1668 sarciendam,
285 1605 434 1671 propterea
451 1603 525 1671 quod
545 1604 690 1671 insequens
709 1619 795 1657 annus
814 1603 844 1657 L.
864 1603 959 1658 Paullo

106 1676 135 1729 0.
147 1676 277 1731 Marcello
290 1678 364 1731 Coss.
375 1677 463 1731 nullas
475 1694 520 1733 res
537 1679 642 1734 Galliae
656 1678 741 1733 hahet
757 1695 858 1746 magno
875 1696 960 1748 opere

104 1756 203 1818 gestas.
240 1752 284 1805 Nc
296 1753 358 1822 quis
370 1756 461 1807 tamen
473 1754 614 1823 ignoraret
626 1754 726 1825 quibus
737 1753 766 1807 in
777 1753 845 1808 locis
857 1754 960 1810 Caesar

105 1828 296 1898 exercitusque
308 1845 340 1882 eo
357 1833 482 1898 tempore
496 1832 620 1900 fuissent,
634 1847 723 1901 pauca
737 1830 882 1884 scribenda
897 1848 960 1885 con-

100 1903 298 1985 jungendaquc
309 1905 373 1995 huic
386 1910 582 1963 commentario
594 1908 686 1962 statui.

156 2104 197 2152 49.
233 2099 334 2153 Cacsar
351 2099 380 2151 in
399 2099 496 2166 Belgio
517 2115 602 2167 quum
622 2099 764 2167 hiemaret,
783 2114 868 2152 unum
889 2098 959 2152 illud

103 2173 273 2243 propositum
285 2173 405 2228 habebat
418 2174 598 2228 continerem
611 2174 732 2228 amicitia
746 2175 879 2242 civitates,
890 2174 959 2227 nulli

105 2267 182 2319 spem
200 2254 248 2303 aut
266 2267 389 2304 caussam
414 2251 482 2304 dare
505 2267 658 2317 armorum
680 2251 749 2304 nihil
772 2250 845 2305 enim
867 2249 959 2303 minus

104 2326 214 2380 volebat
226 2342 308 2395 quarn
321 2326 373 2380 sub
385 2326 528 2380 decessum
540 2343 620 2380 suum
632 2327 823 2382 necessitatem
840 2325 892 2379 sibi
909 2326 959 2379 ali-

104 2419 185 2468 quam
204 2403 306 2473 imponi
324 2401 389 2456 belli
407 2402 531 2471 gerendi,
549 2420 584 2457 ne
597 2420 681 2472 quum
694 2403 844 2458 exercitum
857 2401 959 2455 deduc·
981 2397 989 2414 ⁵

104 2483 183 2532 turus
207 2482 280 2533 essct
297 2477 400 2532 bellum
417 2478 530 2546 aliquod
547 2478 758 2547 relinqueretur,
776 2477 850 2546 quod
869 2478 959 2531 omnis

105 2553 193 2606 Gallia
205 2554 324 2609 libenter
341 2554 399 2608 sino
414 2554 555 2624 praesenti
570 2555 692 2623 periculo
705 2555 864 2624 susciperet.
900 2554 959 2607 lta-

105 2645 158 2696 que
179 2631 327 2686 honorifice
345 2631 471 2686 ciuitates
488 2631 658 2700 appellando,
675 2632 814 2702 principes
831 2630 959 2684 maximis

103 2706 233 2773 praemiis
245 2707 395 2776 alliciendo,
407 2707 482 2761 nulla
495 2723 578 2761 onera
594 2724 663 2761 nora
679 2707 853 2776 imponendo,
869 2706 959 2759 defes-

105 2797 162 2834 sam
181 2784 224 2835 tet
241 2782 364 2838 adversis
389 2783 499 2854 proeliis
524 2783 639 2838 Galliam
663 2783 819 2838 conditione
842 2782 958 2851 parendi

103 2857 215 2912 mehore
228 2857 306 2912 facile
318 2860 346 2913 in
358 2877 425 2929 paca
435 2860 576 2914 continuit.

113 2948 115 2952 ’
148 2941 191 2988 50.
228 2934 297 3005 lpse
308 2935 433 2991 hibernis
445 2937 563 3006 peractis
575 2939 670 2990 contra
686 2935 912 2990 consuetudinem
928 2934 959 2990 in

79 3007 197 3065 Italiam
210 3029 297 3082 quam
311 3014 448 3077 maximis
459 3011 612 3071 itineribus
622 3015 667 3066 est
675 3013 866 3079 proiectus,ut
871 3011 961 3062 muni-

61 3082 139 3167 cpia
153 3095 187 3145 et
197 3091 335 3150 colonias
348 3094 530 3170 appellaret,
544 3089 651 3162 quihus
661 3087 709 3141 ht.
723 3083 840 3138 humitis
852 3085 981 3145 quaestu.

45 3165 86 3208 ηε
100 3167 159 3220 sui
173 3173 419 3234 commendaret
439 3168 610 3233 sacerdotii
624 3161 808 3236 petitionem.
840 3149 1002 3204 centenus-
