2018 3396
456 126 565 174 LIBER
581 127 636 177 111.
934 131 963 180 57

116 207 195 261 setes.
232 205 339 260 Paucae
353 206 466 260 ultimae
482 207 605 261 nationes
621 209 685 261 anni
699 209 824 277 tempore
839 209 965 272 confisae,

116 281 188 350 quod
200 281 287 336 hiems
299 282 419 349 suberat,
431 283 482 335 hoe
494 284 583 336 facere
596 284 784 351 neglexerunt.

167 363 207 412 28.
244 357 350 412 Ilodem
366 357 424 410 fere
438 361 562 427 tempore
580 359 686 425 Caesar,
700 360 752 413 etsi
768 377 853 429 prope
863 359 965 416 'exacte

110 431 169 500 jam
181 435 271 488 aestas
283 436 352 502 erat,
364 436 456 487 temen
470 435 544 503 quod
559 435 632 487 omni
650 436 737 488 (taillia
753 439 850 504 pacata
865 437 964 492 Morini

115 508 289 578 Menapiique
299 513 461 578 supereraut
471 510 554 578 quiin
565 511 648 563 armis
658 515 748 565 esseut
758 528 847 578 neque
856 512 892 565 ad
901 530 964 566 eum

113 601 242 652 umquam
255 586 359 653 legatos
372 585 486 654 depace
498 586 642 653 misissent,
656 586 806 640 arbitratus
818 587 848 640 id
862 587 963 642 bellum

114 660 239 715 celeriter
252 662 347 715 confici
363 678 443 730 posse
460 679 492 715 eo
509 662 658 715 exereitum
673 662 804 730 adduxit3
822 663 869 732 qui
884 664 963 733 longe

113 736 165 789 alia
185 737 292 792 ratione
312 754 344 792 ac
363 737 463 806 reliqui
482 737 552 790 Galli
571 736 672 791 bellum
690 755 786 806 gerere
807 745 961 808 coeperunt.

114 811 138 864 N
141 829 184 866 am
197 814 271 882 quod
284 794 475 881 intelligebant
490 812 622 867 maximas
638 814 761 869 nationes
776 831 846 883 quae
860 816 963 884 proelio

112 891 317 945 contendissent
335 889 427 959 pulsas
443 892 641 959 superatusque
656 907 716 944 esse
717 891 962 958 ‚continentesque

112 965 193 1019 silvas
205 983 236 1019 ae
248 967 363 1035 paludes
374 965 519 1030 habebant,
533 982 565 1019 eo
577 983 606 1019 se
619 983 721 1035 suaque
735 967 826 1020 emnia
843 968 962 1021 contule-

112 1045 182 1096 runt
214 1043 262 1097 Ad
273 1059 389 1113 quarum
400 1041 508 1094 initium
520 1041 649 1095 silvarum
661 1059 745 1111 quum
758 1042 858 1097 Caesar
870 1061 962 1112 pervc-

112 1118 196 1172 nisset
207 1123 351 1188 castraque
362 1117 468 1171 munire
480 1117 652 1186 instituisset,
661 1136 748 1187 neque
757 1119 843 1173 hostis
852 1120 960 1173 interim

61 1196 64 1201 '
112 1193 184 1247 visus
197 1198 277 1262 esset,
293 1195 424 1265 dispersis
436 1194 464 1246 iu
477 1210 560 1261 opere
572 1195 672 1247 nostris
684 1195 775 1248 subito
788 1213 822 1259 ex
836 1196 960 1248 omnibus

111 1270 236 1336 partibus
248 1271 331 1325 silvae
344 1272 520 1326 evolaverunt
533 1273 562 1323 et
576 1270 603 1321 in
620 1274 728 1323 nostros
743 1271 874 1338 impetum
890 1272 960 1325 fece

111 1349 182 1400 runt.
218 1347 313 1401 Nostri
329 1348 457 1402 celeriter
473 1363 548 1400 arma
564 1349 696 1414 ceperunt
712 1363 812 1414 eosque
831 1346 859 1398 in
880 1347 960 1399 silvas

88 1416 92 1422 ’
110 1423 296 1492 reppulerunt,
308 1429 338 1478 et
351 1423 536 1492 eornpluribus
553 1421 704 1497 intersectis
722 1421 828 1488 longius
845 1423 959 1490 impedi-

109 1498 225 1552 tioribus
237 1500 302 1553 locis
314 1501 400 1554 secuti
414 1513 513 1568 paucos
526 1515 560 1551 cx
573 1498 628 1550 suis
641 1496 863 1566 deperdidcrunt.

109 1601 112 1608 Α
162 1581 201 1629 29.
240 1577 362 1645 lteliquis
375 1576 504 1643 deinceps
521 1574 617 1629 diebus
633 1574 733 1628 Caesar
748 1574 829 1628 silvas
843 1576 958 1630 caedere

109 1651 237 1718 instituit,
243 1657 272 1706 ct
279 1669 313 1705 ne
321 1652 383 1721 quis
391 1651 539 1704 inermibus
547 1650 819 1719 imprudentibusque
826 1651 957 1705 militibus

109 1725 145 1779 ab
165 1727 251 1781 latere
274 1727 392 1797 impetus
414 1727 474 1780 fieri
491 1729 590 1794 posset,
611 1743 718 1779 omnem
737 1743 796 1780 curn
814 1727 957 1783 materiam

109 1819 180 1870 quae
192 1807 295 1857 eratca
264 1820 343 1857 caesa
358 1819 513 1857 conversam
530 1802 565 1855 ud
580 1802 642 1854 host
630 1805 686 1854 tem
701 1802 892 1856 collocabatet
864 1807 956 1872 etpro

108 1879 178 1932 vallo
190 1879 225 1932 ad
238 1885 386 1950 utrumque
398 1881 437 1933 lat
425 1883 470 1932 tus
483 1877 652 1932 exstruebat.
689 1878 847 1933 incredibili
863 1881 956 1934 eeleri-

108 1957 167 2009 tate
187 1972 285 2024 magne
306 1956 395 2023 spatio
416 1954 509 2024 paucis
531 1953 627 2007 diebus
647 1955 776 2022 confecto,
795 1973 877 2023 quum
896 1957 955 2024 jain

108 2047 189 2098 pecus
201 2036 284 2102 atquo
297 2035 422 2086 extrema
432 2030 627 2098 impedimenta
636 2029 671 2083 ab
680 2031 779 2083 nostris
788 2035 954 2098 tenerentur,

107 2107 159 2174 ipsi
172 2108 310 2162 densiores
323 2109 403 2162 silvas
415 2111 548 2174 peterent,
557 2105 690 2172 ejusmodi
701 2110 764 2160 sunt
775 2111 955 2176 tempestates

107 2189 266 2238 consecutae
283 2184 325 2238 uti
343 2178 411 2252 opus
428 2182 580 2237 necessario
601 2182 832 2237 intermitteretur
849 2187 878 2238 et
895 2201 955 2237 eon-

107 2258 259 2314 tinuatione
272 2259 399 2313 imbrium
414 2259 516 2313 diutius
529 2257 579 2311 sub
589 2257 706 2326 pellibus
715 2258 814 2313 milites
824 2261 954 2314 contineri

107 2351 159 2388 uon
172 2340 291 2404 possent.
322 2336 421 2404 ltaque
433 2335 545 2389 vastetis
557 2333 682 2386 erunibus
695 2350 787 2386 eorum
800 2336 880 2402 agris,
889 2337 954 2389 vicis

107 2410 291 2481 aedificiisque
312 2412 434 2477 incensis,
454 2412 554 2465 Cacsar
574 2408 723 2462 exercitum
741 2409 860 2479 reduxit,
879 2417 908 2465 et
926 2413 953 2464 in

109 2487 233 2541 Aulercis
259 2489 447 2557 Lexoviisque,
470 2486 582 2554 reliquis
609 2485 676 2537 item
704 2484 860 2540 civitatibus
884 2504 954 2556 quae

107 2564 229 2632 proxime
240 2565 343 2619 bellum
354 2566 483 2630 fecerant,
495 2563 523 2616 iu
536 2560 657 2615 hibernis
669 2559 815 2616 collocavit.
