2018 3396
355 162 358 168 -
424 127 536 178 LIBER
554 127 620 175 Vll.
906 128 954 180 159

97 218 277 288 pugnaretur,
301 211 431 268 Germani
447 226 502 264 una
519 210 548 263 in
565 213 645 276 parte
662 208 794 263 confertis
810 209 910 264 turmis
926 211 954 264 in

98 296 194 350 hostes
201 293 339 362 impetum
349 288 477 342 fecerunt
489 303 590 355 eosque
601 285 798 362 propuleramt3
816 286 915 354 quibus
927 287 953 340 in

99 372 194 440 fugam
205 367 335 437 conjectis
346 365 482 434 sagittarii
491 364 668 417 circumventi
680 362 873 432 interfectique
882 370 950 416 sunt.

101 449 175 503 Item
186 465 222 502 ex
232 446 345 516 reliquis
353 445 479 516 partibus
487 447 574 501 nostri
583 446 714 501 cedentes
722 462 810 514 usque
818 446 855 499 ad
863 450 954 509 eastra

99 524 217 579 insecuti
229 524 271 577 sui
283 523 430 592 colligendi
446 523 606 578 facultatem
623 539 678 577 non
696 522 839 578 dederunt
876 523 917 578 At
934 523 953 576 ii

100 601 148 671 qui
159 600 195 655 ab
207 600 304 655 Alesia
315 603 506 669 processerant
517 600 617 654 moesti
629 615 715 670 prope
726 597 842 653 victoria
857 598 955 668 despe-

100 681 162 732 rata
173 694 204 731 sc
215 678 244 731 in
256 676 387 746 oppidum
400 679 572 745 receperunt.

153 759 194 809 81.
230 753 294 807 Uno
318 752 364 806 dio
388 752 544 807 intermisso
567 752 639 808 Galli
669 755 756 821 atquo
783 751 835 807 hoc
864 752 953 820 spatio

100 847 200 898 magno
215 830 339 897 cratium,
354 829 495 897 scalarum,
512 829 699 898 harpagonum
716 844 830 883 numero
847 828 952 893 effecto,

46 915 57 936 ·
100 907 193 961 media
206 910 291 960 noete
310 905 420 960 silentio
439 921 474 960 ex
493 906 591 960 castris
609 905 714 973 egressi
731 904 768 959 ad
784 908 954 974 campestres

101 983 267 1037 munitiones
296 981 439 1038 accedunt
458 982 572 1054 ‚Subito
601 982 720 1037 clamore
749 981 866 1050 sublato,
897 997 953 1051 qua

102 1059 299 1127 signifieatlone
310 1059 356 1127 qui
369 1058 398 1111 iu
410 1059 511 1128 oppido
522 1058 721 1113 obsidebantur
732 1058 768 1113 de
775 1074 823 1113 suo
833 1055 954 1112 adventu

101 1152 264 1204 cognoscere
287 1137 407 1204 possent,
431 1137 521 1189 crates
540 1134 684 1204 projicere,
711 1135 812 1201 fundis,
836 1134 953 1203 sagittis,

102 1211 239 1281 lapidibus
256 1214 365 1265 nostros
385 1210 421 1264 do
439 1211 511 1265 vallo
530 1210 688 1278 deturbare,
705 1210 865 1279 reliquaque
882 1227 954 1280 quae

101 1287 138 1341 ad
157 1287 388 1356 oppugnationem
406 1287 546 1355 pertinent
564 1289 663 1356 parant
682 1286 882 1341 administrare.
900 1286 953 1340 Eo

103 1364 167 1418 dem
189 1367 315 1433 tempore
331 1362 450 1417 clamore
467 1363 597 1416 exaudito
614 1363 664 1417 dat
680 1363 749 1417 tuba
766 1362 874 1430 signum
897 1363 954 1416 suis

102 1439 315 1508 Vercingetorix
345 1442 430 1507 atque
459 1455 494 1493 ex
522 1439 624 1508 oppido
649 1438 750 1493 educit.
792 1438 895 1507 Nostri,
921 1443 954 1494 ut

103 1515 288 1586 superioribus
311 1515 410 1569 diebus
433 1531 499 1569 suus
519 1516 617 1584 cuique
634 1515 709 1570 locus
732 1518 793 1570 erat
816 1514 952 1581 definitus,

102 1592 140 1646 ad
151 1591 315 1646 munitiones
333 1591 483 1658 accedunt3
497 1591 597 1660 fundis,
616 1591 759 1659 librilibus,
778 1590 953 1660 sudibusque,

103 1683 172 1738 quas
189 1668 316 1736 inopere
336 1667 536 1736 disposuerant,
557 1683 589 1723 ae
611 1667 757 1737 glandibus
780 1665 872 1722 Gallos
894 1683 954 1736 per-

103 1747 218 1799 terrent
255 1743 406 1813 Prospectu
423 1743 546 1799 tenebris
563 1744 694 1814 adempto
711 1744 799 1798 multa
814 1742 954 1812 utrimque

103 1821 217 1875 vulnera
236 1821 419 1890 accipiuntur:
443 1821 583 1890 complura
598 1821 744 1876 tormentis
767 1820 823 1876 tela
845 1821 954 1890 conjici·
981 1866 989 1887 ,

103 1899 195 1951 mitam
232 1899 273 1951 At
287 1897 326 1951 M.
338 1897 477 1952 Antonius
490 1901 520 1952 et
535 1897 565 1952 0.
580 1897 730 1952 Trebonius
743 1896 837 1966 legati,
855 1898 955 1964 quibus

104 1973 156 2026 hae
167 1976 262 2042 partes
280 1974 318 2027 ad
337 1973 540 2028 defendendum
558 1972 734 2041 obvenerant,
752 1990 807 2042 qua
824 1989 859 2028 ex
874 1977 955 2042 parte

104 2052 212 2102 nostros
223 2049 312 2118 premi
326 2049 527 2116 intellexerant,
545 2049 588 2104 liis
605 2049 708 2104 auxilio
725 2067 761 2105 ex
778 2049 956 2104 ulterioribus

104 2125 224 2179 castellis
236 2124 370 2180 deductos
381 2125 589 2180 submittebant.

157 2207 198 2256 82.
233 2202 306 2255 Dum
324 2201 432 2270 longius
447 2201 482 2254 ab
498 2201 649 2256 numitione
664 2201 780 2257 aberant
796 2203 877 2272 Galli,
893 2203 956 2273 plus

104 2277 282 2332 multitudine
299 2277 417 2332 telorum
434 2277 630 2347 proficiebant:
648 2283 827 2348 posteaquam
844 2280 957 2349 propina

105 2356 302 2421 successerunt,
315 2357 363 2408 aut
372 2369 402 2408 so
413 2353 466 2422 ipsi
482 2353 600 2408 stimulis
613 2354 784 2423 inopinantes
798 2355 956 2423 induebant,

106 2432 195 2484 autin
209 2430 320 2484 scrobes
335 2430 440 2498 delapsi
454 2428 713 2497 transfodiebantur,
728 2433 777 2484 aut
792 2446 827 2484 ex
840 2431 911 2484 vallo
925 2447 957 2485 ac

106 2506 229 2560 turribus
248 2505 392 2573 transjecti
410 2505 474 2573 pilis
496 2504 646 2558 muralibus
668 2506 825 2560 interibant.
860 2507 957 2560 Multis

105 2582 229 2649 undique
243 2581 402 2634 vulneribus
417 2580 544 2647 acceptis,
560 2580 634 2632 nulla
649 2581 800 2634 munitione
817 2587 957 2651 perrupta,

107 2674 190 2725 qurnn
203 2658 250 2710 lux
262 2659 413 2725 appeteret,
426 2656 506 2709 veriti
518 2672 552 2709 ne
565 2655 600 2709 ab
611 2656 698 2710 latere
710 2660 807 2724 aperto
818 2674 853 2711 ex
865 2673 959 2726 super-

107 2733 209 2786 ioribus
232 2733 330 2787 eastris
349 2732 777 2800 eruptionecircumvenirentur,
795 2748 825 2787 se
842 2733 877 2786 ad
895 2750 959 2788 snos

107 2812 278 2878 receperunt
299 2811 356 2863 ‘At
367 2808 518 2877 interiores,
531 2808 597 2862 dum
609 2825 643 2862 ea
659 2826 729 2878 quae
747 2826 764 2863 a
781 2809 959 2879 Vereingcto

107 2886 167 2953 rige
178 2885 215 2939 ad
227 2885 397 2954 eruptionem
409 2890 574 2954 praeparata
591 2887 670 2939 eruut
687 2886 837 2954 profertmt,
855 2887 960 2957 priores

107 2953 193 3015 fos'saa
204 2962 331 3032 explent3
343 2961 448 3015 diutius
458 2962 486 3016 in
497 2962 541 3016 nis
549 2961 632 3016 rebus
641 2962 977 3023 administrandarum

108 3038 131 3092 ti
142 3038 218 3108 prius
229 3056 292 3093 suos
304 3038 465 3095 discessisse
476 3041 676 3110 cognorerunt
686 3023 994 3104 quammaximae&

103 3117 370 3189 rrrmrinqiiarent.
403 3091 994 3189 ltareinieetainopp'ibum¹555&

797 3172 867 3221 udan
880 3153 970 3207 mm

148 3198 190 3249 83·
230 3196 281 3254 Bis
301 3215 412 3272 niagno
433 3215 508 3256 euru
526 3193 722 3252 detrimento
737 3193 801 3242 rep
