2018 3396
410 120 521 168 LIBER
537 120 585 168 VI.
881 126 926 175 lll

74 201 252 256 munitionem
270 201 366 269 egredi
390 216 486 269 passus
504 203 585 268 esset,
604 202 720 269 septimo
738 202 783 256 die
801 203 929 258 diffidens

74 277 111 332 de
134 295 246 332 numero
264 279 371 332 dierum
391 277 535 331 Caesarem
554 277 636 330 iidem
655 282 836 346 servaturum,
854 281 929 349 quud

74 353 182 421 longius
193 353 279 424 [eum]
290 369 465 422 progressum
477 353 607 408 audiebat
619 370 709 423 neque
720 355 776 412 ulla
788 355 824 409 de
836 355 929 409 reditu

74 428 135 498 ejus
152 429 224 483 fama
242 430 413 496 afferebatur,
432 428 512 499 simul
530 445 624 483 eorum
647 434 789 499 permotus
810 431 928 502 vocibus,

75 505 123 574 q'ui
139 505 210 559 illius
228 505 389 574 patientiam
408 521 494 573 paene
512 504 696 559 obsessionem
710 505 892 574 appellabant,
906 507 929 558 si

75 581 188 650 quidem
206 599 241 636 ex
259 581 356 635 eastris
374 580 469 648 egredi
488 597 540 633 non
556 580 657 646 liceret,
674 581 776 634 nullum
794 580 929 649 ejusmodi

76 673 167 709 casura
180 661 347 726 exspectans,
361 673 415 724 quo
426 671 522 710 novem
537 657 670 724 oppositis
683 656 834 723 legionibus
846 658 931 709 maxi-

76 748 176 800 moque
194 733 319 800 equitatu
338 732 469 800 dispersis
487 749 518 784 ac
538 748 625 800 paene
644 732 742 785 deletis
761 730 883 786 hostibus
901 732 928 784 iu

77 808 185 861 milibus
209 826 337 877 passuum
356 823 391 887 ιιι
414 808 515 862 offendi
539 813 639 876 posset,
658 809 779 876 quinque
802 807 930 860 cohortes

77 881 273 937 frumentatum
292 884 319 936 in
342 884 479 952 proximas
497 886 605 951 segetes
624 884 697 936 misit
722 900 791 952 quas
808 883 882 937 inter
899 887 930 936 ct

77 963 168 1025 eastra
185 977 254 1013 unus
272 961 381 1013 omnino
399 960 474 1013 collis
492 959 632 1012 intererat.
670 960 829 1027 Complures
850 964 930 1012 erant

76 1028 106 1087 iu
120 1036 217 1090 eastris
231 1053 264 1089 ex
282 1037 432 1103 legionibus
448 1035 523 1103 aegri
542 1035 638 1102 relicti,
650 1052 684 1088 ex
700 1035 798 1102 quibus
815 1035 862 1104 qui
878 1035 930 1088 lieo

47 1134 62 1169 s
77 1111 166 1178 spatio
178 1111 285 1165 dierum
297 1112 495 1175 convaluerant,
507 1111 616 1164 circiter
632 1126 679 1164 occ
696 1111 747 1165 sub
764 1112 863 1165 vexillo
876 1129 930 1165 una

77 1187 241 1243 mittuntur:
259 1205 359 1256 magna
370 1190 513 1257 praeterea
525 1187 673 1239 multitudo
686 1187 817 1253 calomrm,
830 1203 930 1254 magna

78 1263 119 1314 vis
126 1261 325 1332 jumentorum,
334 1280 405 1332 qnae
417 1263 444 1315 iu
456 1261 554 1314 eastris
566 1262 736 1328 subsederat,
752 1265 824 1316 lacta
840 1269 931 1330 potcs-

78 1340 137 1391 tate
150 1339 281 1406 sequitur.
324 1341 326 1344 ⁴
958 1346 960 1350 ’

131 1419 172 1471 37.
208 1415 269 1467 Ηοο
292 1413 351 1481 ipso
371 1416 495 1481 tempore
519 1415 549 1465 et
571 1428 636 1465 casu
666 1412 796 1466 Germani
822 1413 930 1480 equites

78 1490 270 1556 interveniunt,
283 1489 462 1558 protinusque
474 1487 570 1542 eodem
579 1488 625 1540 illo
638 1505 692 1556 quo
703 1493 837 1542 venerant
849 1505 929 1542 eursu

78 1565 120 1618 ab.
132 1566 281 1619 decumana
303 1568 384 1632 porta
401 1563 429 1616 in
446 1566 541 1630 eastra
553 1563 704 1632 irrumpere
721 1568 861 1630 conantur,
879 1579 929 1616 nec

78 1640 154 1708 prius
171 1645 234 1694 sunt
250 1640 301 1693 visi
316 1639 432 1707 objectis
449 1639 484 1692 ab
501 1655 534 1692 ea
551 1643 630 1708 parte
647 1639 721 1692 silvis
737 1655 820 1706 quam
832 1638 929 1692 castris

78 1717 335 1786 appropinquarent,
354 1731 440 1783 usque
458 1731 491 1769 eo
508 1718 540 1768 ut
558 1715 604 1783 qui
623 1714 674 1768 sub
692 1713 762 1766 vallo
783 1713 929 1768 tenderent

78 1796 244 1845 mercatores
273 1790 423 1859 reeipiendi
452 1790 494 1843 sui
522 1791 681 1844 facultatem
707 1805 761 1842 non
790 1788 927 1843 haberent

80 1867 258 1936 Inopinantes
270 1866 356 1920 nostri
369 1882 400 1919 re
412 1883 481 1919 nova
492 1865 697 1935 perturbantur,
710 1881 742 1919 ae
754 1864 799 1918 vix
811 1865 928 1933 primurn

78 1944 212 2011 impeturn
224 1942 320 1995 oolrors
332 1941 361 1994 in
376 1941 494 1995 statione
509 1942 633 1995 sustinet.
669 1941 930 1995 Circumfunduntur

79 2034 113 2072 ux
126 2017 239 2086 reliquis
251 2018 345 2072 hostes
356 2017 481 2086 partibus
493 2017 608 2085 siquem
620 2016 726 2074 aditum
738 2016 860 2084 reperire
871 2033 930 2085 pos-

79 2097 150 2148 sent.
180 2095 273 2161 Aegre
285 2095 379 2161 portas
391 2092 477 2146 nostri
489 2096 609 2157 tuentur,
619 2091 738 2160 reliquos
750 2091 842 2145 aditus
855 2092 930 2145 locus

79 2165 138 2237 ipse
155 2185 205 2237 per
217 2185 247 2222 se
258 2167 428 2237 munitioque
443 2167 575 2220 defendit.
612 2167 687 2221 Totis
703 2167 860 2236 trepidatur
876 2185 930 2220 cas-

79 2243 138 2311 tris,
151 2249 236 2313 atque
247 2244 316 2298 alius
328 2260 362 2297 ex
374 2243 427 2296 alio
439 2259 547 2296 causam
560 2243 694 2296 tumultus
707 2244 829 2311 quaerit;
841 2259 930 2310 nequo
951 2275 953 2279 ν

79 2336 134 2387 quo
146 2320 223 2386 signa
234 2321 359 2372 ferantur
370 2334 459 2386 neque
472 2334 553 2385 quam
567 2318 594 2370 in
613 2323 719 2386 partem
737 2319 853 2389 quisque
869 2335 931 2371 eon-

79 2395 171 2448 veniat
187 2394 340 2463 provident.
376 2393 454 2447 Alius
471 2398 552 2461 capta
572 2393 631 2461 jam
649 2397 738 2447 castra
755 2393 931 2462 pronunciat;

79 2470 149 2526 alius
161 2471 253 2524 deleto
266 2468 390 2524 exercitu
401 2472 485 2537 atque
497 2469 662 2537 imperatore
672 2469 789 2522 victores
801 2468 931 2522 barbaros

80 2547 187 2598 venisse
199 2545 353 2599 contendit:
371 2545 496 2613 plerique
508 2561 592 2597 noras
605 2544 656 2597 sibi
669 2561 703 2597 ex
716 2545 773 2596 loco
786 2544 931 2611 religiones

81 2621 194 2687 fingunt,
208 2620 361 2688 Cottaeque
373 2623 403 2672 et
419 2619 516 2673 Titurii
533 2619 715 2673 calamitatem
732 2619 822 2685 quiin
834 2619 931 2673 eodem
983 2633 993 2655 ¹

80 2696 229 2750 occiderint
253 2695 364 2749 castello
384 2698 449 2750 ante
472 2696 563 2749 oeulos
591 2698 703 2762 ponunt.
750 2693 807 2747 Tali
832 2694 931 2749 timere

80 2771 206 2825 omnibus
222 2769 378 2839 perterritis
396 2771 573 2824 confirmatur
590 2771 680 2838 opinio
697 2768 829 2837 barbaris,
847 2774 880 2824 ut
897 2787 932 2823 ex

80 2848 187 2916 captivo
205 2847 355 2914 audierant,
371 2847 475 2899 nullum
491 2863 551 2899 esse
565 2846 638 2900 intus
655 2844 830 2913 praesidium.
866 2845 932 2899 Per-

80 2939 207 2992 rumpere
218 2923 351 2989 nituntur,
362 2938 445 2990 seque
455 2922 507 2990 ipsi
520 2921 702 2974 adhortantur
713 2937 752 2972 ne
761 2921 947 2972 tantamm-

80 3003 174 3053 tunam
188 3015 220 3052 ex
234 2997 360 3052 manibus
373 2997 528 3055 dimittant.
944 3044 952 3054 .

123 3080 164 3128 38.
200 3075 272 3130 Erat
297 3093 384 3146 aeger
407 3077 442 3133 in
470 3073 624 3150 praesidio
651 3069 782 3124 venetus
804 3059 851 3107 Y·
867 3048 993 3160 ὶῦζζῖἔ

61 3147 191 3218 13300Ῑῦ3»
205 3154 256 3224 (lui
268 3155 401 3226 Primum
421 3157 522 3229 pilum
535 3153 576 3208 ad
589 3151 767 3205 Gaesarem
778 3122 933 3184 mm*

106 3229 139 3277 10
