2018 3396
430 130 608 180 nrannvr.
905 135 951 182 115

95 212 160 266 anui
171 210 336 265 munitiones
348 210 472 279 integrae
485 211 633 265 manebant
644 212 677 264 ut
687 208 813 264 militum
830 209 952 267 laborem

95 288 258 343 sublevaret.
295 287 436 340 Praesidio
453 286 658 355 impedimentis
674 286 809 354 legionem
823 302 873 340 mv
889 288 952 342 reli-

95 365 164 434 quit,
180 380 263 418 unam
281 380 317 417 ex
333 363 375 416 his
393 363 483 417 tribus
502 380 570 432 quas
588 363 713 432 proxime
731 363 899 432 conscriptas
917 381 951 418 cx

96 442 179 495 ltalia
196 440 399 494 transduxerat.
442 440 474 492 Ei
493 440 594 508 legioni
612 439 763 507 castrisque
783 439 813 503 Q.
833 440 951 493 Tullium

96 517 255 572 Ciceronem
268 515 400 584 praefecit
413 514 601 583 ducentosque
614 515 722 583 equites
734 514 869 569 attribuit.

148 598 188 647 33.
226 591 333 646 Partito
351 592 476 644 exercitu
494 591 523 644 Τ.
543 591 694 644 Labienum
717 602 779 645 cum
801 590 951 658 legionibus

94 670 184 722 tribus
196 669 232 722 ad
245 668 384 722 Oceanum
397 683 492 721 versus
507 666 597 722 ineas
614 671 708 736 partes
723 683 793 735 quae
810 666 951 734 Menapios

94 746 234 813 attingunt
246 722 381 814 proficisci
390 742 487 811 jubet:
501 743 529 797 C.
544 743 709 797 Trebonium
722 759 783 795 cum
797 743 855 810 pari
868 741 951 809 lcgio-

94 837 160 874 nunr
173 838 286 875 numero
300 819 336 873 ad
352 835 412 873 earn
427 819 567 887 regionem
582 835 653 888 qnae
672 818 825 872 Aduatucis
840 817 950 885 adjacet

95 895 314 965 depopulandam
327 896 426 950 mittit:
439 895 498 963 ipse
511 912 571 948 curn
579 896 693 964 reliquis
702 895 791 948 tribus
803 894 839 946 ad
849 893 949 946 flumen

95 972 220 1026 Scaldem
234 971 308 1041 quod
318 971 407 1024 influit
415 971 444 1023 in
454 971 568 1040 Mosam,
577 975 770 1038 extremasque
781 970 949 1024 Arduennae

93 1051 188 1116 partes
200 1049 240 1102 ire
248 1046 398 1113 constituit,
407 1062 461 1114 quo
471 1063 532 1100 cum
543 1048 636 1116 paucis
646 1047 785 1115 equitibus
796 1046 947 1114 profectum

95 1124 283 1193 Ambiorigem
296 1123 432 1176 audiebat.
470 1123 620 1177 Discedens
638 1127 701 1192 post
714 1123 789 1176 diem
802 1124 948 1190 septimum

80 1207 83 1214 '
94 1217 155 1254 sese
167 1216 339 1254 reversurum
353 1201 503 1267 confirmat,
514 1208 595 1267 quam
605 1200 640 1251 ad
650 1199 724 1252 diem
734 1199 758 1252 ei
769 1198 868 1266 legioni
878 1214 948 1265 quae

93 1277 123 1329 in
146 1277 283 1345 praesidio
306 1276 515 1343 relinquebatur
538 1275 706 1327 frumentum
724 1274 817 1335 deberi
837 1274 948 1328 sciebat.

95 1351 245 1407 Labienum
259 1350 477 1419 Treboniumque
492 1351 627 1415 hortatur,
641 1350 663 1401 si
679 1350 719 1403 rei
738 1349 862 1417 publicae
876 1365 947 1402 corn-

94 1428 175 1481 nrodo
185 1431 274 1493 facere
286 1427 398 1495 possint,
406 1426 442 1478 ad
453 1443 515 1478 eum
528 1425 601 1477 diem
614 1429 796 1489 revertantur,
807 1428 840 1478 ut
853 1433 947 1477 rursus

94 1505 292 1558 comnmnieato
311 1502 420 1556 consilio
439 1501 641 1569 exploratisque
660 1501 777 1554 hostiurn
796 1500 947 1554 rationibus

88 1579 169 1634 -aliud
181 1580 245 1634 belli
257 1579 365 1632 initium
377 1594 476 1646 capere
488 1584 606 1646 possent.

147 1662 188 1711 34.
225 1656 299 1721 Erat,
316 1658 348 1708 ut
372 1671 455 1723 supra
479 1654 732 1723 denpnrstravimus,
753 1670 848 1706 manus
872 1658 948 1707 certa

93 1732 175 1797 nullu,
198 1748 252 1785 non
277 1730 415 1799 oppidum,
440 1747 494 1805 non
517 1730 692 1798 praesidinm,
714 1730 787 1798 quod
812 1745 841 1782 so
865 1730 947 1783 armis

94 1808 263 1874 detenderet,
289 1806 387 1860 sedin
411 1822 505 1860 omnes
528 1794 622 1874 partes
643 1805 768 1873 dispersa
790 1805 946 1859 multitudo.

94 1883 150 1939 Ubi
163 1885 259 1952 cuique
271 1886 319 1936 aut
332 1882 409 1936 vallis
421 1882 516 1936 abdita
528 1885 576 1935 aut
586 1883 660 1935 locus
670 1882 802 1936 silvestris
810 1885 858 1935 aut
870 1881 947 1950 palus

93 1960 228 2029 impedita
246 1977 322 2029 spem
340 1958 470 2027 praesidii
488 1964 536 2012 ant
555 1958 651 2012 salutis
669 1959 788 2027 aliquam
807 1957 947 2022 offerebat,

94 2036 263 2091 consederat.
301 2036 378 2089 Ilaec
395 2035 454 2087 loca
477 2035 662 2093 vicinitatibus
680 2038 760 2089 erant
781 2039 854 2102 nota,
873 2052 948 2101 mag-

94 2128 212 2181 namque
225 2129 269 2165 res
281 2111 452 2178 diligentiam
464 2111 631 2179 requirebat,
645 2128 698 2164 non
711 2112 739 2165 in
752 2128 858 2165 summa
870 2128 947 2165 arer-

94 2187 166 2241 citns
174 2187 284 2254 tuenda,
292 2187 396 2239 nullum
404 2186 476 2239 eninr
488 2192 598 2255 poterat
605 2188 739 2242 universis
746 2189 781 2242 ab
793 2188 947 2257 perterritis

94 2279 127 2316 ac
138 2263 268 2332 dispersis
281 2263 432 2331 periculum
444 2263 575 2330 accidere,
589 2263 638 2317 sed
650 2264 677 2316 in
691 2265 804 2332 singulis
816 2263 948 2316 militibus

95 2339 287 2394 conservandis
297 2359 303 2402 3
315 2355 386 2410 quae
398 2342 490 2392 tamen
503 2355 537 2392 ex
550 2344 630 2407 parte
642 2356 688 2393 res
700 2339 860 2392 adsalutem
870 2356 947 2392 excr-

94 2416 166 2469 citus
188 2415 354 2484 pertinebat.
399 2415 470 2467 n'am
492 2419 521 2467 et
544 2415 664 2482 praedae
688 2415 823 2484 cupiditas
847 2415 948 2467 multos

95 2491 201 2558 longius
213 2491 350 2558 evocabat,
365 2494 393 2545 et
405 2491 488 2545 siluae
500 2491 613 2544 incertis
626 2492 792 2559 occultisque
804 2491 948 2543 itineribus

95 2568 230 2621 confertos
249 2567 325 2622 adire
343 2566 532 2636 prohibebant.
569 2567 598 2622 Si
612 2567 752 2632 negotium
771 2566 866 2619 confici
886 2569 947 2619 stir-

95 2661 211 2714 pemque
223 2643 362 2697 hominurn
374 2643 568 2697 sceleratorum
581 2643 698 2697 interfici
711 2642 800 2708 vellet,
810 2643 948 2696 dimitten-

95 2720 147 2773 dae
157 2721 249 2788 plures
256 2735 352 2772 manus
360 2720 562 2785 diducendique
569 2719 771 2773 erantmilites:
782 2719 803 2770 si
810 2719 948 2774 continere

94 2795 131 2849 ad
143 2796 220 2864 signa
228 2796 381 2863 manipulos
388 2795 478 2860 vellet,
487 2798 518 2848 nt
527 2795 656 2850 instituta
665 2795 735 2848 ratio
743 2799 772 2847 ot
780 2795 948 2868 cerrsuetudo

95 2872 231 2925 exercitus
250 2871 365 2924 Romani
384 2871 547 2939 postulabat,
564 2871 639 2924 locus
656 2871 715 2939 ipse
733 2874 794 2924 erat
811 2870 948 2938 pracsidio

95 2947 226 3015 barbaris,
244 2964 334 3020 neque
352 2964 387 3002 ex
404 2947 511 3001 occulto
529 2946 685 3000 insidiandi
700 2950 734 3000 et
750 2947 900 3023 dispensas
914 2943 987 3011 cxx-⁸

92 3023 277 3076 eurnreniendl
302 3024 418 3094 singulis
438 3025 543 3081 <luerat
559 3023 695 3082 aridacim
736 3021 780 3073 nt
790 3018 833 3067 'm
847 3002 999 3074 stiffi&

81 3097 295 3156 ‹li.‘r·'eultatinrs
309 3108 454 3173 quantuni
469 3102 632 3174 diligentia
639 3092 802 3172 prouideri
808 3077 999 3156 poteratur

73 3170 230 3246 adessem,
240 3182 274 3233 'lt
282 3182 389 3252 potius
398 3186 427 3239 in
438 3184 580 3240 run-cudo
591 3137 999 3253 iniqnnpcaetermbffl
