2018 3396
94 117 125 165 33
352 108 380 154 C.
396 106 498 158 JULII
515 107 688 157 CAESARIS

91 191 334 263 appropinquabat,
351 188 546 244 consuetudine
565 205 614 244 sua
633 190 735 245 Oacsar
754 208 803 246 sex
821 191 942 261 legiones

90 269 234 337 expeditas
258 264 390 319 ducebat:
414 267 478 333 post
498 280 545 318 cas
565 265 650 319 totius
671 267 807 321 exercitus
826 269 942 337 impedi-

90 349 182 398 menta
194 342 351 396 collocarat:
368 340 433 394 inde
446 341 516 394 duae
527 339 649 408 legiones
661 359 731 410 quae
742 343 866 411 proxime
880 361 942 398 eon·

90 420 215 488 scriptae
232 421 310 472 erant
333 420 424 472 totum
447 433 544 485 agmen
565 417 729 472 claudebant
749 418 942 489 praesidioque

89 494 293 567 impedimentis
314 497 399 548 erant.
437 493 550 562 Equites
570 493 659 547 nostri
678 510 739 548 eum
757 494 942 550 funditoribus

90 570 293 639 sagrittan'isque
309 569 411 623 flumen
426 569 588 637 transgressi
604 586 665 623 eum
682 569 801 624 hostium
817 571 941 639 equitatu

88 647 222 716 proelium
233 645 433 699 commiserunt.
465 646 554 709 Quum
567 645 647 698 soilli
659 646 811 699 identidem
822 646 851 698 in
861 647 942 702 silvas

89 722 124 775 ad
138 739 200 775 suos
212 722 367 790 reciperent
378 737 410 774 ac
422 737 516 774 rursus
528 737 563 773 ex
575 721 643 774 silva
653 722 682 774 in
690 725 799 776 nostros
807 722 942 790 impetum

88 799 219 865 facerent,
242 814 331 866 neque
353 797 441 851 nostri
463 797 570 866 longius
595 813 676 866 quam
701 816 782 867 quem
802 798 942 853 adfinem

88 877 216 942 porrecta
235 889 267 925 ac
287 873 345 926 loca
366 876 462 942 aperta
484 873 660 942 pertinebant
683 875 812 928 cedentes
836 875 942 943 insequi

89 949 230 1015 auderent,
249 949 358 1002 interim
377 949 498 1017 legiones
517 966 573 1015 sex,
589 965 659 1017 quae
677 950 781 1018 primae
799 955 941 1020 venerant,

57 1092 61 1097 Ι
89 1041 172 1094 opere
196 1023 317 1077 dimenso
341 1028 432 1078 castra
454 1025 560 1078 munire
583 1029 737 1094 coeperrmt.
773 1026 829 1095 Ubi
852 1028 943 1096 prime
968 1024 977 1039 ⁸

88 1097 285 1170 impedimenta
295 1102 382 1153 nostri
396 1101 533 1155 exereitus
548 1101 582 1153 ab
598 1101 641 1154 his
657 1103 703 1173 qui
718 1103 747 1155 in
763 1100 838 1156 silvis
853 1103 942 1157 abditi

88 1174 212 1230 latebant
228 1177 285 1229 visa
301 1182 373 1244 sunt,
388 1177 462 1245 quod
478 1179 587 1245 tempus
602 1178 675 1231 inter
691 1194 737 1231 eos
753 1179 943 1233 committendi

89 1252 186 1322 proelii
202 1256 371 1319 convenerat,
384 1253 424 1306 ita
440 1255 473 1306 ut
488 1253 561 1306 intra
578 1253 658 1307 silvas
674 1253 760 1307 aciem
776 1253 943 1322 ordinesque

83 1330 289 1383 constituerant
301 1332 384 1396 atque
396 1328 448 1396 ipsi
462 1344 522 1382 sese
535 1328 769 1397 confirmaverant,
781 1329 871 1383 subito
885 1347 942 1383 om-

88 1405 169 1459 nibus
178 1405 261 1472 copiis
269 1403 479 1472 provolarenmt
487 1405 674 1474 impetumque
682 1405 710 1459 in
718 1408 826 1458 nostros
835 1406 942 1474 equites

65 1482 221 1552 decorarat.
264 1481 317 1534 His
336 1480 416 1536 facile
437 1481 521 1550 pulsis
545 1497 576 1535 ac
599 1481 767 1549 proturbatis
789 1481 941 1536 incredibili

89 1557 232 1610 celeritate
252 1556 289 1609 ad
305 1556 405 1610 flumen
424 1556 637 1610 decucurrenmt
652 1559 684 1609 ut
700 1572 787 1625 paene
802 1573 857 1610 uno
873 1561 942 1610 tem-

88 1649 156 1700 pore
168 1636 197 1686 et
209 1632 245 1685 ad
257 1632 337 1685 silvas
350 1635 378 1685 ct
389 1633 417 1685 in
430 1632 540 1685 flumine
552 1635 581 1685 ct
592 1631 652 1699 jam
664 1633 692 1684 in
704 1631 829 1685 manibus
841 1633 942 1686 nostris

88 1705 182 1761 hostes
205 1707 371 1761 viderentur.
419 1707 524 1760 Eadem
548 1710 639 1760 autem
662 1706 803 1761 celeritate
826 1707 942 1761 adverso

89 1782 157 1835 collo
174 1782 210 1835 ad
227 1786 321 1836 nostra
336 1786 427 1837 eastra
444 1787 526 1852 atque
542 1799 588 1836 eos
606 1782 698 1849 quiin
717 1799 799 1851 opere
818 1783 941 1851 occupati

89 1859 388 1912 erantcontenderunt.
592 1923 595 1928 ¹

46 1951 54 1957 ·
142 1939 182 1986 20.
220 1933 329 1985 Caesari
344 1931 433 1983 omnia
448 1947 502 1984 uno
514 1935 637 2001 temporo
649 1936 728 1986 erant
738 1933 859 2000 agenda:
877 1950 942 1987 rex-

87 2007 165 2061 illum
184 2007 397 2074 proponendum,
415 2009 488 2076 quod
509 2012 568 2062 erat
586 2009 691 2076 insigne
710 2026 794 2077 quum
812 2007 848 2062 ad
866 2025 943 2062 arma

88 2083 212 2136 concurri
225 2087 373 2150 oporteret,
386 2083 492 2151 signum
505 2084 572 2136 tuba
585 2084 713 2150 dandum,
726 2083 761 2136 ab
773 2099 855 2152 opere
867 2100 943 2137 revo-

88 2159 169 2212 candi
187 2159 294 2223 milites,
315 2159 360 2227 qui
381 2158 461 2228 paulo
481 2159 585 2226 longius
604 2159 711 2226 aggeris
729 2157 843 2227 petendi
861 2175 943 2213 eausa

87 2239 278 2302 processerant
292 2234 450 2302 arcessendi,
464 2235 535 2288 acies
552 2236 719 2301 instruenda,
732 2235 833 2289 milites
849 2235 943 2289 cohor-

88 2306 174 2377 eui,
185 2310 291 2377 signum
301 2310 430 2366 dandum.
462 2312 582 2375 Quarum
593 2328 685 2363 rerum
696 2327 822 2378 magnam
833 2313 942 2379 partem

88 2385 220 2454 temporis
233 2386 352 2440 brevitas
363 2392 393 2440 et
405 2403 544 2441 successus
553 2386 672 2440 hostium
680 2386 856 2455 impediebat.
888 2387 942 2440 His

90 2461 297 2514 difficultatibus
319 2463 389 2516 duae
410 2479 454 2517 res
476 2465 555 2516 erant
577 2461 705 2529 subsidio,
727 2462 840 2515 scientia
860 2469 943 2531 atque

87 2554 155 2591 usus
166 2538 293 2605 militum,
306 2538 380 2607 quod
393 2538 577 2607 superioribus
587 2538 699 2607 proeliis
714 2537 862 2604 exercitati,
875 2538 943 2606 quid

88 2613 151 2668 fieri
163 2616 303 2683 oporteret
315 2630 368 2666 non
381 2615 469 2667 minus
482 2614 621 2669 commode
633 2613 685 2681 ipsi
698 2613 748 2666 sibi
758 2612 943 2680 praescribere

88 2706 171 2757 quam
192 2689 227 2744 ab
247 2689 306 2743 aliis
326 2691 418 2744 doceri
438 2694 574 2759 poterant,
594 2693 623 2743 et
643 2688 716 2756 quod
736 2688 770 2740 ab
790 2704 871 2755 opere
890 2689 943 2740 sin-

89 2765 214 2833 gulisque
236 2765 385 2833 legionibus
407 2767 526 2833 singulos
549 2764 653 2834 legatos
678 2765 779 2818 Caesar
803 2762 942 2817 discedere

88 2840 143 2894 nisi
153 2842 265 2895 munitis
277 2841 374 2894 castris
386 2845 517 2895 vetuerat.
544 2841 583 2895 Hi
592 2843 705 2909 propter
713 2839 942 2908 propinquitatem

89 2917 120 2970 et
131 2917 299 2972 celeritatem
311 2918 431 2972 hostium
442 2917 510 2971 nihil
522 2918 582 2986 jam
599 2916 724 2970 Caesaris
738 2916 882 2984 imperium
896 2931 942 2968 ex-

88 2991 246 3060 pectabant,
259 2992 309 3046 sed
320 3010 370 3063 per
382 3011 412 3049 se
424 3011 494 3064 quae
505 2993 670 3049 ridebantur
681 2991 913 3046 administrabant.

43 3090 66 3107 a
142 3072 183 3120 21.
221 3069 321 3121 Caesar
342 3071 501 3125 necessariis
521 3069 604 3124 rebus
625 3068 767 3137 imperatis
791 3067 826 3120 ad
850 3065 940 3119 cohors

88 3140 190 3195 tendes
202 3141 303 3195 milites
315 3159 396 3212 quam
408 3145 435 3198 in
448 3149 553 3214 partem
566 3144 622 3198 fors
635 3142 735 3199 obtulit
747 3141 902 3197 decucurrit
914 3143 941 3194 et
