2018 3404
448 136 564 196 LIBER·
579 137 613 185 V.
915 140 947 188 83

96 218 224 274 obtineat.
260 217 314 272 His
327 217 428 272 Caesar
436 216 554 287 imperat
562 217 671 274 obsides
681 232 717 272 ιιι
726 217 947 287 frumentumque

96 295 235 360 exercitui,
254 293 535 362 hlandubratiumque
552 297 588 350 ad
605 311 652 350 eos
667 295 761 348 mittit.
799 294 843 347 llli
862 294 947 363 impe

95 375 156 424 rata
168 371 294 425 celeriter
304 371 436 439 fecerunt,
448 370 558 425 obsides
569 371 758 426 adnumerum
768 370 947 426 frumentum-

95 448 301 514 quemiserunt.
596 487 598 490 -

147 528 188 577 21.
224 523 434 578 Trinobantibus
458 524 579 579 delensis
608 526 693 593 atque
721 522 756 576 ab
780 522 852 575 omni
877 522 947 575 mili·

39 621 46 633 ·
94 600 153 651 tum
165 598 267 667 injuria
277 599 429 668 prohibitis,
443 600 609 669 Cenimagni,
622 599 784 667 Segontiaci‚
800 598 947 665 Αιιαιίἰιοιι,

94 672 211 741 Bibroci,
230 675 313 741 Cassi,
328 675 510 743 legationibus
524 677 689 730 missis'sesc
707 674 815 728 Caesari
833 673 946 727 dedunt.

95 749 141 802 Ab
153 749 187 802 iis
198 751 336 818 cognoscit
347 768 401 805 ιιοιι
412 752 492 820 lenge
505 769 539 806 ex
552 769 585 806 ee
597 752 656 806 loce
669 751 799 819 oppidum
814 749 947 802 Cassivel-

93 824 167 878 launi
192 825 288 880 abesse
312 827 387 881 silvis
411 828 612 897 paludibusque
634 828 778 892 munitum,
802 841 856 894 que
879 826 948 877 satis

93 917 207 968 magnus
220 902 358 957 homiuum
372 905 533 974 pecorisque
545 921 675 958 numerus
689 901 855 971 convenerit.
891 903 947 968 Op-

92 976 188 1044 pidum
208 983 300 1032 autem
321 979 446 1034 Britanni
467 985 572 1048 vocant,
594 997 680 1050 quum
700 979 781 1033 silvas
799 976 947 1046 impedit-is

92 1053 161 1105 ualle
177 1058 264 1123 atque
283 1057 356 1109 fessa
378 1057 621 1125 malueruntque
644 1053 803 1110 incursionis
826 1053 946 1107 hostium

91 1128 219 1182 vitandae
238 1147 318 1184 causa
337 1132 481 1185 convenire
500 1136 672 1186 consuerunt
709 1132 750 1185 Eo
765 1129 947 1199 proficiscitur

90 1220 152 1258 cum
174 1205 339 1273 legionibus:
363 1207 451 1260 locum
470 1208 593 1275 repperit
612 1208 721 1276 egregie
740 1209 840 1260 natura
862 1210 947 1274 atque

90 1296 174 1347 opere
187 1282 336 1346 munitium
348 1286 441 1336 tamen
452 1283 524 1336 hunc
535 1283 640 1336 ‹luabus
652 1300 686 1337 ex
704 1281 828 1352 partibus
843 1296 946 1349 oppug-

91 1368 156 1408 nare
171 1357 336 1421 eontcmlit„
358 1359 460 1411 llostes
478 1359 615 1427 paulisper
631 1359 728 1413 morati
746 1358 864 1411 militum
886 1372 946 1410 nos·

90 1429 208 1484 trorum
220 1433 353 1500 impetum
377 1451 431 1486 nou
450 1435 579 1498 tulerunt,
600 1451 715 1503 seseque
733 1434 787 1487 alia
807 1449 842 1486 ex
864 1435 946 1500 parte

89 1506 183 1574 oppidi
191 1507 341 1576 ejecerunt.
379 1509 494 1576 Magnus
506 1510 543 1562 ibi
557 1527 685 1563 numerus
697 1509 802 1577 peeoris
811 1511 945 1576 repertus,

89 1582 224 1652 multique
235 1584 263 1637 in
275 1585 341 1651 fuga
353 1590 416 1638 sunt
427 1586 617 1654 comprehensi
628 1591 712 1656 atque
724 1585 866 1638 interfecti
965 1586 972 1624 ἒ

143 1663 183 1713 22.
219 1659 292 1714 Dum
308 1659 375 1714 hace
391 1661 419 1714 in
433 1661 475 1715 his
492 1662 556 1717 locis
571 1665 714 1729 geruntur,
727 1659 946 1715 Cassivellaunus

89 1733 127 1786 ad
140 1734 211 1788 (lunt
199 1735 276 1802 tium,
289 1737 362 1804 qued
374 1754 435 1790 esse
446 1738 483 1790 ad
499 1753 575 1791 mare
590 1754 675 1806 supro
691 1737 818 1790 demenst
807 1735 945 1804 hariolus,

89 1809 358 1878 quibus1·egienibus
375 1818 493 1882 quatuor
509 1829 589 1880 reges
605 1817 759 1882 praeerant,
776 1812 944 1879 Cingetorix,

89 1887 233 1953 Carvilius,
251 1888 451 1976 Taximagulus,
470 1889 604 1956 Segouax,
620 1889 731 1943 nuncios
748 1889 945 1956 mittitatque

88 1959 131 2014 bis
148 1961 266 2050 imperat
278 1964 320 2017 uti
332 1981 372 2016 co:
373 1969 409 2017 iet
411 1965 434 2017 is
398 1963 570 2017 temnibus
582 1964 668 2032 copiis
679 1969 770 2018 castra
787 1981 844 2017 nau
840 1963 892 2016 ¹ilia
908 1963 945 2016 de

88 2037 236 2105 improvise
258 2039 420 2092 adoriantur
441 2043 526 2108 atque
549 2044 715 2113 oppugnent
754 2040 778 2092 li
802 2037 944 2107 quemad

88 2116 179 2166 castra
201 2113 347 2180 venissent,
366 2115 453 2168 nostri
472 2116 615 2182 eruptione
635 2116 708 2169 factu
730 2114 825 2167 multis
847 2130 943 2168 comm

87 2187 247 2256 interfectis,
271 2194 352 2258 capto
375 2191 460 2244 etiam
482 2191 568 2244 nobili
592 2191 661 2245 duce
686 2191 860 2259 Lugotorige,
880 2207 943 2242 sues

87 2263 235 2319 incolumes
248 2265 425 2321 reduxerunt
460 2266 676 2320 Cassivellaunus
688 2267 739 2320 boc
756 2263 859 2335 proelio
875 2282 942 2318 nuu-

86 2339 166 2407 ciate,
179 2344 222 2394 tet
238 2340 412 2396 detrimentis
428 2342 553 2410 acceptis,
570 2343 684 2395 vastatis
701 2342 808 2409 finibus,
824 2342 942 2394 maxime

87 2416 171 2469 etiam
183 2421 325 2486 permotus
340 2417 494 2472 defectione
510 2418 659 2485 civitatum,
672 2417 776 2486 legatos
792 2434 843 2486 per
859 2420 942 2470 Atre·

87 2490 180 2546 batem
208 2493 361 2546 Commium
388 2493 426 2562 de
449 2493 588 2547 deditione
611 2493 649 2545 ud
674 2494 817 2547 Caesarem
846 2492 941 2546 mittit

87 2567 196 2634 Cacsar,
215 2586 300 2637 quum
320 2569 463 2623 statuisset
481 2569 596 2622 hiemem
616 2569 644 2621 in
662 2569 811 2622 continenti
829 2573 909 2636 propt
911 2584 942 2621 cr

87 2645 245 2711 repentinos
258 2644 363 2698 Galliae
378 2648 492 2698 metus
485 2661 575 2711 agere,
591 2660 681 2710 neque
697 2643 766 2696 mult
754 2647 811 2696 tuor
828 2643 941 2697 aestatis

86 2725 244 2787 superesset
268 2725 352 2788 atquc
375 2719 406 2773 id
429 2720 508 2773 sicile
531 2719 640 2774 extrahi
663 2735 744 2788 pesse
766 2718 941 2786 intelligeret,

86 2794 197 2848 obsides
219 2795 337 2864 imperat
355 2799 385 2848 et
408 2795 507 2864 quid
499 2812 528 2847 m
547 2811 634 2848 annos
656 2795 776 2863 singulos
799 2787 941 2862 vectigalis

86 2870 188 2940 popule
198 2870 321 2924 Romano
334 2871 478 2925 Britannia
488 2871 623 2950 penderet
632 2873 718 2925 consti
721 2871 786 2925 tuit:
799 2869 941 2925 interdicit

85 2950 172 3016 atque
184 2946 302 3015 imperat
315 2948 524 3014 Cassiuellauno,
533 2964 569 3000 ne
581 2934 776 2999 Mandubratia
784 2946 948 2997 ueu'lx'm-

87 3022 332 3078 bentibusueeeat
495 3034 498 3039 “

54 3088 60 3105 '
131 3104 174 3156 23.
211 3100 370 3158 Obsidibus
382 3103 511 3175 aceeptus
528 3098 699 3156 exercitum
710 3073 971 3176 mmmmm*

67 3187 157 3231 neres
181 3177 296 3238 invenit
322 3181 463 3239 refectas.
502 3178 567 3235 llis
591 3165 752 3230 asaneus
772 3149 862 3220 “iffi
881 3139 971 3185 ὅθ
