2018 3396
81 112 129 161 108
334 111 362 160 C.
380 111 399 160 J
400 110 482 161 ULII
499 110 672 160 CAESARIS

79 189 133 243 tati
144 189 273 258 praemiis
285 190 315 243 et
326 205 375 242 sua
387 192 484 258 sponte
496 189 575 242 multi
587 189 616 242 in
626 188 796 258 disciplinam
805 191 935 246 conveni·

80 269 131 319 unt
143 269 172 318 et
183 282 200 318 a
211 265 369 334 parentibus
382 265 597 334 propinquisque
605 267 760 321 mittamtur.
796 267 934 334 Magnum

80 343 119 394 ibi
131 357 274 394 numerum
291 357 418 394 versuum
435 341 558 395 ediscere
575 341 716 395 dicuntur:
735 343 829 412 itaque
846 360 934 407 anuos
965 371 970 378 ·

80 417 201 472 nonnulli
221 417 306 470 xxia
327 417 469 485 disciplina
487 421 654 486 permanent.
691 417 789 486 Neque
808 419 850 472 fas
871 425 935 473 esse

80 493 239 548 existimant
263 510 295 547 ca
317 493 417 547 litteris
436 493 574 562 mandare,
594 496 677 562 quum
695 496 723 547 in
741 495 854 564 reliquis
872 496 935 550 fero

80 570 170 638 rebus,
188 569 302 638 publicis
323 570 502 638 privatisque
516 571 675 637 rationibus,
698 571 810 640 Graecis
829 572 935 625 litteris

80 651 201 701 utantur.
238 646 273 700 ld
284 647 350 699 mihi
363 646 469 700 duabus
482 648 517 701 de
530 647 617 701 causis
626 647 778 702 instituisse
787 646 920 701 videntur
928 666 945 714 ;·

82 724 156 793 quod
174 741 263 791 neque
280 725 307 776 in
320 723 430 792 vulgum
447 724 615 814 disciplinam
632 725 722 778 efferri
738 724 822 778 velint
822 740 936 792 ,nequo

82 812 128 854 'cos
141 817 188 868 qur
180 800 306 854 discunt
315 800 416 854 litteris
426 801 540 854 confisos
549 818 638 855 minus
647 817 794 856 memoriae
793 797 936 865 studere

82 872 162 945 qnod
168 877 226 930 fere
238 876 375 948 plerisque
388 878 531 936 acciditut
499 879 684 947 utpraesidio
702 877 856 931 litterarum
867 875 936 928 dili-

82 954 233 1020 gentiam
226 971 253 1007 ιιι
277 955 457 1023 perdiscendo
477 973 508 1010 ac
529 957 688 1009 memoriam
708 954 860 1008 remittant.
899 953 936 1005 ln
967 1000 973 1013 ,

83 1029 178 1098 primis
190 1031 240 1085 hoc
252 1032 346 1086 volunt
334 1032 536 1102 tpersnadere,
554 1049 608 1085 non
624 1032 737 1086 interire
753 1030 865 1097 animas,
883 1029 935 1082 sod

83 1105 118 1158 ab
131 1106 191 1159 aliis
203 1111 266 1176 post
275 1113 391 1163 mortem
401 1109 519 1163 transire
528 1108 564 1162 ad
573 1109 641 1162 alios
642 1111 743 1177 ,atque
751 1107 802 1159 hoc
811 1105 934 1159 maxime

83 1182 120 1234 ad
143 1183 217 1237 virtu
218 1187 274 1238 tem
303 1185 416 1239 excitari
444 1189 543 1254 putant
567 1187 643 1238 nictu
667 1183 765 1238 mortis
792 1183 921 1250 neglecto

84 1259 173 1313 Multa
194 1261 392 1330 praeterendo
414 1261 548 1315 sideribus
570 1265 653 1333 atque
674 1277 769 1315 eorum
790 1262 875 1327 motu,
898 1258 934 1312 de

84 1336 178 1390 mundi
197 1341 384 1390 aeternarum
402 1336 600 1405 magnitudine,
616 1336 652 1390 de
668 1353 760 1390 reruni
775 1339 881 1400 natura,
898 1334 934 1388 do

84 1410 197 1465 deorum
210 1412 403 1467 immortalium
415 1413 442 1465 ri
455 1429 486 1467 ac
498 1414 637 1482 potestate
647 1413 790 1481 disputant
800 1415 829 1465 et
837 1411 935 1479 juren-

85 1488 138 1540 tuti
151 1488 272 1542 tradunt.

138 1570 177 1618 15.
215 1565 341 1618 Alterum
353 1581 440 1632 genus
453 1569 497 1620 cst
508 1566 638 1635 equitum.
669 1566 714 1630 lli,
722 1583 805 1634 quum
815 1567 858 1618 ost
868 1581 934 1618 usus

84 1644 168 1709 atquo
177 1641 287 1710 aliquod
295 1641 398 1695 bellurn
407 1641 511 1710 incidit,
521 1642 595 1710 quod
603 1642 662 1696 fere
671 1646 736 1696 autc
749 1641 873 1695 Caesaris
886 1641 935 1694 ad-

84 1720 195 1770 ventum
212 1717 355 1786 quotannis
372 1717 495 1770 accidere
512 1717 624 1784 solebat,
642 1718 683 1770 uti
697 1721 744 1771 aut
755 1718 807 1786 ipsi
819 1717 935 1784 injurias

84 1793 218 1846 inferrent
230 1797 281 1846 vaut
297 1793 386 1847 illatas
407 1793 604 1862 propulsarent,
624 1810 718 1846 omnes
736 1794 763 1845 in
782 1793 854 1846 bello
873 1808 934 1845 ver-

85 1867 185 1937 santur,
204 1873 287 1938 atque
312 1886 406 1923 eorum
422 1872 454 1922 ut
474 1869 589 1937 quisquo
610 1874 653 1922 cst
672 1885 773 1938 genere
793 1868 936 1936 copiisque

84 1946 271 2012 amplissimus,
284 1946 323 1999 ita
332 1946 470 2015 plurimos
486 1946 588 2000 circum
605 1963 635 2000 se
651 1946 791 1999 ambactos
808 1944 935 1997 clientes-

84 2038 137 2089 que
146 2020 237 2076 habet.
264 2021 343 2075 Hanc
355 2039 437 2075 unam
447 2022 564 2090 gratiam
574 2022 782 2091 potentiamque
791 2025 935 2075 noverunt.

138 2103 177 2151 16,
214 2097 298 2150 Natio
323 2101 365 2151 est
390 2100 477 2152 curnis
503 2098 643 2152 Gallorum
667 2098 815 2151 admodum
838 2095 937 2151 dedita

83 2173 268 2241 religionibus
281 2177 364 2242 atque
378 2174 412 2227 ob
426 2192 485 2227 earn
498 2192 608 2229 causam
621 2176 668 2244 qui
686 2177 749 2227 sunt
766 2172 855 2232 affecti
872 2190 935 2239 gra-

83 2249 203 2303 vioribus
219 2250 321 2303 morbis
339 2251 441 2320 quique
458 2253 486 2304 in
501 2252 611 2320 proeliis
628 2250 809 2321 periculisque
825 2266 936 2302 versan-

83 2330 137 2393 tur,
150 2330 197 2380 aut
209 2343 258 2395 pro
272 2327 390 2381 victimis
404 2328 527 2381 homines
540 2328 689 2392 immolant,
702 2329 751 2380 aut
767 2342 797 2379 sc
813 2324 936 2378 immola-

83 2406 160 2456 turos
172 2408 278 2474 vovcnt,
290 2404 516 2472 administrisque
533 2404 568 2457 ad
586 2421 619 2458 ea
635 2403 767 2457 sacrificia
784 2401 936 2455 Druidibus

83 2483 212 2545 utuntur;
232 2482 312 2550 quod,
331 2498 381 2551 pro
394 2482 452 2535 rita
464 2481 582 2534 hominis
598 2481 651 2535 nisi
667 2479 783 2534 hominis
800 2478 857 2532 vita
872 2479 936 2531 red-

83 2555 172 2624 datur,
192 2574 245 2610 ιιοιι
265 2575 343 2626 posse
363 2556 467 2627 [aliter]
489 2557 603 2610 deorum
622 2556 816 2610 immortalium
834 2571 935 2609 numen

82 2633 185 2764 placari
197 2635 374 2702 arbitrantur,
388 2634 591 2704 publicequej
567 2651 582 2687 c
586 2633 691 2687 usdcm
708 2631 857 2701 generis
832 2630 936 2685 habent

82 2710 180 2764 instita
161 2714 210 2764 a
222 2712 359 2765 sacnficra
398 2711 473 2764 Alii
465 2710 577 2764 nmnani
590 2711 693 2778 magnit
681 2709 777 2763 tudine
790 2707 936 2761 simulacra

83 2784 192 2854 habent,
205 2805 320 2857 querum
332 2791 445 2842 context
447 2804 463 2839 a
475 2786 618 2840 liminibus
629 2784 789 2840 mombra'
764 2784 832 2837 uvis
849 2783 936 2836 homi·

82 2861 163 2915 nibus
188 2865 330 2932 complent,
350 2864 448 2933 quibus
474 2861 609 2916 succensis
629 2860 805 2914 circumventi
826 2859 936 2914 flanuna

83 2940 238 2994 exanimant
239 2958 272 2993 ur
226 2940 412 2994 thomines.
444 2938 582 3008 Supplicia
595 2953 689 2991 eorum
701 2937 748 3007 qui
760 2936 788 2989 in
800 2935 874 2989 furto
886 2939 936 2990 aut

21 3008 29 3097 l
68 3015 101 3066 ιἰι
114 3015 260 3072 latrocinio
280 3021 330 3072 aut
347 3017 443 3089 aliqua
456 3033 530 3072 noxa
547 3015 604 3070 sint
620 3011 813 3094 cornpreliousi
823 3010 950 3074 gratiora

52 3087 242 3148 drisimmort
223 3096 330 3152 talibus
345 3097 611 3164 essearbitrantur,
621 3092 674 3147 sed
681 3080 967 3160 quamopsqouens

35 3165 118 3230 ⁰⁰l³¹32
130 3168 241 3241 [Ῑθῆθῑῑι
252 3176 345 3232 etiam
361 3176 400 3234 ad
413 3173 623 3234 innocentium
636 3163 782 3240 supplicia
790 3149 978 3210 noscendus
