2018 3396
422 124 532 174 LIBER
548 123 571 173 I.
905 129 920 176 3

71 203 256 272 adjudicium
272 218 379 257 ornnem
398 219 475 258 suam
495 203 627 258 familiam
641 204 677 258 ad
693 204 831 258 hominum
846 205 921 259 milia

73 281 168 335 decern
186 279 309 348 undique
323 279 420 349 coegit,
439 284 469 334 et
484 297 579 334 omnes
595 281 708 335 clientes
723 281 921 350 obaeratosque

72 374 143 425 suos,
158 372 273 426 quorum
288 371 417 424 magnum
432 373 578 410 numerum
597 357 726 424 habebat,
739 356 841 410 codem
859 372 922 411 eon·

71 433 168 488 duxit:
190 449 241 501 per
262 449 309 486 eos
327 448 363 486 ne
379 449 489 486 causam
509 431 615 487 diceret
636 449 666 486 se
687 432 794 502 eripuit.
831 433 939 498 Quum·-

70 509 167 563 civitas
185 509 220 562 ob
241 526 302 563 cam
322 525 381 562 rem
405 509 518 563 incitata
538 509 622 563 armis
638 509 785 577 jussuum
806 507 930 578 exsequi

70 589 222 654 conaretur,
241 585 501 654 multitudinemque
519 585 658 639 hominum
678 603 713 640 ex
732 585 806 654 agris
824 587 922 654 magis-

70 665 159 715 tratus
180 665 316 728 cogerent,
337 661 484 728 Orgetorix
505 664 629 715 mortuus
653 664 713 727 est;
735 678 824 729 nequo
843 662 922 716 abest

70 737 238 805 suspiciant
251 737 373 790 Helvetii
388 736 565 803 arbitrantur,
578 737 644 805 quin
658 738 718 806 ipse
735 737 787 790 sibi
803 741 921 792 mortem

70 814 236 868 consciverit.

122 896 146 943 5.
181 890 248 944 Post
260 890 320 958 ejus
332 894 449 943 mortem
464 889 549 942 nihilo
565 889 654 943 minus
668 889 789 944 Helvetii
805 890 834 943 id
846 891 921 959 quod

69 968 266 1020 coristituerant
284 966 374 1020 iacere
390 969 528 1034 conantur,
540 968 572 1019 ut
590 982 608 1046 q
623 966 723 1020 finibus
741 967 796 1019 suis
812 969 919 1020 exeant.

70 1041 125 1094 Ubi
135 1042 194 1110 jam
211 1059 240 1096 so
255 1043 291 1096 ad
308 1058 369 1096 eam
385 1058 443 1095 reru
455 1045 567 1110 paratos
579 1058 638 1096 csse
651 1041 778 1096 arbitrati
790 1044 861 1109 sunt,
875 1059 921 1112 op

68 1119 134 1186 pida
150 1136 199 1172 sua
211 1119 424 1172 omnia-numero
436 1117 472 1171 ad
485 1117 635 1184 duodecim,
648 1119 721 1172 vicos
739 1119 775 1172 ad
793 1118 920 1186 quadrin-

69 1199 173 1262 gentos
190 1195 296 1264 reliqua
316 1195 423 1264 privata
441 1194 566 1247 aedificia
584 1194 737 1263 incendunt,
753 1196 919 1249 frumentum

69 1287 149 1324 (unire
161 1269 561 1340 piaeter[quarn]quodsceun1
573 1271 706 1338 portaturi
720 1275 799 1325 erant
811 1270 919 1325 combu-

69 1351 141 1412 nuit,
150 1352 181 1401 ut
189 1347 300 1400 doruuru
307 1347 449 1400 reditionis
457 1363 505 1416 spe
514 1345 779 1415 sublataparatiores
787 1347 822 1401 ad
830 1348 919 1401 omnia

69 1423 189 1491 pericula
198 1423 338 1477 subeunda
349 1426 456 1488 esseut;
473 1423 556 1477 trium
569 1423 701 1476 meusium
713 1423 808 1476 molita
819 1423 919 1477 cibaria

70 1498 121 1551 sibi
131 1516 265 1568 quemque
278 1499 358 1553 domo
367 1499 464 1553 efferre
473 1499 580 1566 jubent.
606 1499 776 1552 Persuadent
789 1499 940 1553 Rauracisa

70 1579 100 1628 ct
112 1575 232 1644 Tulingis
244 1580 273 1630 ct
287 1576 441 1643 Latobrigis
455 1575 577 1629 finitimis
589 1577 631 1629 uti
645 1575 741 1629 eodem
756 1576 797 1627 usi
809 1575 918 1629 consilio
944 1626 950 1641 ,

70 1651 176 1719 oppidis
190 1652 244 1704 suis
260 1653 380 1720 vicisque
394 1652 497 1705 exustis
512 1668 639 1704 unacum
651 1651 684 1704 iis
696 1651 919 1720 proficiscantur3

70 1727 212 1796 Boiosque,
232 1729 278 1797 qui
297 1732 373 1781 trans
394 1727 520 1781 Rhenum
540 1727 708 1780 incoluerant
726 1730 756 1780 ct
773 1727 802 1779 iu
821 1743 918 1794 agrum

69 1803 198 1857 Noricum
208 1805 374 1869 transierant
387 1804 569 1871 Noreiamque
581 1805 777 1872 oppugnarunt,
793 1806 918 1872 receptos

68 1879 104 1933 ad
116 1896 146 1933 so
159 1880 245 1934 socios
257 1880 308 1933 sibi
320 1880 480 1933 adsciscunt.

121 1963 144 2010 6.
174 1956 260 2010 Erant
272 1956 379 2009 omuino
390 1956 489 2009 itinera
501 1955 562 2023 duo,
573 1954 670 2022 quibus
682 1955 824 2010 itineribus
837 1955 918 2011 domo

68 2032 142 2086 exiro
154 2036 280 2101 possent:
294 2049 378 2085 umun
390 2048 440 2100 per
452 2031 591 2099 Sequanos
603 2035 748 2098 augustum
760 2034 789 2085 et
801 2032 916 2100 difficile,
947 2046 950 2053 ‘

67 2109 139 2161 iuter
159 2112 279 2173 montem
303 2108 400 2161 Juram
424 2111 453 2161 et
476 2107 577 2161 flumen
602 2106 774 2175 Rhodanum,
794 2108 840 2162 iix
864 2125 918 2176 qua

68 2184 165 2252 siugnrli
177 2184 247 2238 carri
259 2185 424 2238 ducerentur
435 2205 441 2249 ;
460 2200 537 2236 mons
550 2186 641 2238 autem
654 2183 801 2237 altissimus
814 2184 918 2253 impen-

68 2259 153 2314 debat
164 2263 196 2314 ut
207 2260 287 2314 facile
298 2261 426 2329 perpauci
438 2258 583 2328 prohibere
594 2263 721 2328 possent:
739 2259 855 2313 alterum
867 2277 918 2328 per

67 2337 231 2404 provinciam
254 2340 376 2390 nostram
407 2335 493 2389 multo
517 2335 622 2389 facilius
646 2339 729 2404 atquo
755 2336 916 2405 expeditius,

51 2416 212 2481 ¹propterea
225 2412 298 2487 quod
310 2413 383 2465 iuter
394 2412 462 2466 fines
475 2411 666 2465 Helvetiorum
683 2415 712 2466 et
729 2412 916 2481 Allobrogum,

67 2490 114 2556 qui
131 2506 218 2558 nuper
235 2489 324 2557 pacati
343 2492 429 2555 erant,
443 2488 594 2542 Rhodanus
611 2488 766 2556 finitisque
783 2489 917 2543 nonnullis

67 2565 131 2618 locis
148 2565 218 2617 vado
234 2565 373 2618 transitur.
411 2565 572 2624 Extremum
591 2564 720 2632 oppidum
737 2564 916 2633 Allobrogum
932 2592 947 2624 ι

67 2645 111 2694 est
131 2642 339 2710 proximumque
358 2639 548 2694 Helvetiorum
568 2641 668 2694 finibus
685 2641 787 2693 Genua.
826 2639 866 2693 Ex
884 2656 917 2694 ee

67 2717 167 2784 oppido
183 2733 251 2785 pons
266 2716 302 2770 ad
322 2716 465 2770 Helvetios
481 2716 611 2784 pertinet,
649 2715 844 2783 Allobrogibus
856 2732 917 2770 sese

67 2793 110 2847 rcl
125 2809 308 2860 persuasurus,
325 2792 400 2861 quod
415 2793 536 2845 nondum
555 2791 626 2845 bono
641 2791 730 2845 animo
747 2791 775 2844 in
787 2791 917 2859 populum

68 2868 220 2922 Romanum
235 2869 399 2933 viderentur,
412 2868 613 2936 existimabant,
625 2868 668 2922 vel
685 2868 712 2922 vi
727 2871 870 2921 coacturos
885 2871 916 2922 ut

67 2961 117 3015 per
136 2948 199 2998 suo's
217 2944 286 2998 fines
306 2960 353 2998 eos
371 2945 411 2998 iro
432 2948 599 3013 paterentur.
637 2943 769 2998 Omnibus
782 2943 865 2998 rebus
880 2943 920 2996 ad

66 3021 262 3091 profectionem
273 3021 435 3090 comparatis
447 3021 519 3074 diem
532 3020 710 3086 dicuntum⁴
722 3019 774 3069 due
787 3016 953 3098 abitas&

67 3095 196 3151 Rhodani
213 3112 308 3152 omnes
326 3096 495 3153 conveniant
502 3117 512 3152 ·.
528 3097 560 3149 is
578 3095 645 3148 dues
664 3092 735 3145 erut
748 3103 781 3138 a„
797 3083 831 3130 Q·
843 3074 953 3124 ΨΜ*

51 3172 131 3244 ··Apr.
144 3172 175 3230 Ιι.
190 3173 294 3231 Pisone
308 3175 347 3232 A.
360 3175 488 3232 Gabinio
502 3173 590 3227 Coss.
904 3178 907 3183 '
