2018 3396
99 128 131 176 92
352 123 382 173 C.
400 123 420 173 J
422 122 504 174 ULII
520 123 695 173 CAESARIS

98 207 182 260 licere
193 205 246 259 illis
261 203 441 259 incolumibus
456 221 508 274 per
522 221 553 259 se
568 221 603 259 ex
619 202 740 258 hibernis
758 203 915 276 discedere,
926 212 958 265 et

98 298 282 352 quascumque
294 282 322 334 in
333 284 428 351 partes
438 281 591 336 veliutsiue
599 286 674 335 metu
683 281 825 348 proticisci.
856 284 959 341 Cicero

98 358 136 411 ad
147 358 214 411 hacc
225 373 308 410 nuum
321 357 403 411 modo
413 356 569 427 respoudit:
580 356 644 410 Nou
655 373 716 411 esse
724 360 960 417 cousuetudinem

98 434 191 503 populi
204 432 319 487 Romani
330 434 413 486 ullam
424 433 548 503 accipere
558 432 595 487 ab
606 432 685 487 hoste
699 440 806 488 annato
821 437 961 492 oonditio-

97 526 174 564 nem:
191 511 214 563 si
230 509 265 563 ab
277 510 360 562 armis
376 508 520 563 discedere
536 508 631 576 velint,
647 525 678 562 se
693 508 823 576 adjutore
838 515 961 567 utantur

98 585 257 654 legatosque
269 586 306 639 ad
323 586 467 640 Caesarem
486 585 613 639 mittant:
630 601 741 654 sperare
756 602 807 655 pro
823 586 886 656 ejus
898 588 962 658 jus·

98 661 162 715 titia
173 679 244 730 quae
255 662 387 729 petierint
399 661 601 730 impetraturos
780 710 784 717 .

150 743 192 791 42.
230 737 276 791 nb
299 738 350 791 hac
367 754 416 806 spe
433 737 536 805 repulsi
553 737 648 791 Nervii
665 737 737 791 vallo
754 737 857 806 pedum
876 755 910 794 1x
928 745 961 796 et

98 814 170 867 fossa
186 813 287 881 peduur
302 829 339 866 xv
355 813 469 867 hiberna
485 813 604 881 cingunt
640 813 719 869 Ilaec
735 818 765 867 et
780 815 960 883 superiorum

98 907 230 942 annorum
242 890 437 943 consuetudine
447 889 482 943 ab
492 888 570 942 nobis
578 894 768 958 coguoverunt,
777 895 807 944 et
817 893 959 960 quosdam

99 966 135 1019 do
146 966 268 1019 exercitu
281 967 354 1019 nacti
366 967 488 1035 captiuos
500 965 535 1018 ab
551 964 594 1018 his
610 965 795 1031 docebantur3
813 967 864 1021 sed
880 969 960 1023 nulla

99 1041 325 1095 ferramentorum
349 1043 426 1111 copia
444 1059 514 1110 quae
531 1045 606 1096 esset
623 1041 742 1096 adhunc
753 1059 833 1096 usurn
846 1043 958 1113 idonea,

98 1118 196 1184 gladiis
208 1119 324 1186 cespites
336 1118 537 1185 circumcidere,
545 1117 671 1172 manibus
683 1118 841 1187 sagulisque
849 1127 959 1177 terram

99 1194 245 1248 exhaurire
268 1194 442 1262 cogebantur.
479 1194 539 1258 Qua
563 1193 675 1261 quidem
699 1211 733 1248 ex
758 1211 789 1248 re
812 1195 958 1251 hominurn

99 1270 248 1324 nurltitudo
271 1271 395 1339 cognosci
422 1273 526 1340 potuit:
554 1287 618 1324 nam
643 1270 733 1324 minus
760 1271 835 1324 horis
864 1272 958 1327 tribus

100 1347 204 1401 ruilirun
216 1364 344 1416 passuum
357 1363 394 1400 xv
406 1348 433 1400 iu
445 1347 559 1400 circuitu
570 1346 748 1400 munitionem
759 1347 956 1415 perfecerunt:

100 1423 266 1490 reliquisque
290 1422 386 1476 diebus
409 1427 501 1476 turres
523 1421 560 1474 ed
583 1421 757 1475 altitudinem
780 1422 853 1487 valli,
871 1422 958 1478 falces

100 1499 316 1566 testudinesque,
332 1515 400 1566 quas
416 1498 500 1551 iidem
516 1498 616 1566 captivi
632 1497 790 1565 docuerant,
805 1514 904 1566 parare
922 1517 958 1555 ae

101 1574 189 1627 faeere
201 1580 360 1644 coeperunt.

152 1657 192 1704 43.
229 1651 351 1719 Septimo
359 1649 568 1717 oppugnationis
575 1647 621 1701 die
632 1648 751 1703 monimo
763 1645 957 1706 coortn‘ventn

101 1727 237 1781 terrentes
259 1727 333 1780 fusili
350 1743 383 1778 ox
403 1725 499 1792 argila
515 1724 631 1792 glandes
648 1725 742 1800 lundis
757 1730 786 1780 et
803 1726 958 1782 fervefacta

95 1802 188 1869 jacula
210 1804 238 1855 in
262 1819 345 1868 casas,
368 1819 438 1870 (quae
462 1818 536 1854 ruore
560 1800 662 1855 Gallico
686 1802 844 1856 stramentis
873 1797 958 1868 erant

100 1883 195 1940 tectae,
204 1880 298 1946 jacere
310 1883 463 1945 cooperunt.
503 1877 564 1930 llae
579 1876 707 1930 celeriter
723 1878 814 1945 ignem
831 1894 957 1948 compre-

100 1953 255 2007 henderunt
271 1959 300 2007 et
319 1954 392 2007 venti
410 1952 596 2021 magnitudine
613 1952 641 2005 in
659 1969 768 2007 ornnem
784 1952 874 2007 locum
896 1971 958 2008 eris-

100 2037 205 2082 trorum
214 2029 385 2083 distulerunt.
418 2030 520 2083 Hostes
528 2029 646 2082 maximo
656 2029 773 2083 clamore
783 2029 862 2083 sicuti
871 2035 957 2099 parta

97 2106 108 2171 j
113 2123 155 2158 :nn
168 2109 251 2172 atque
262 2105 403 2173 explorata
415 2106 528 2160 victoria
538 2109 629 2158 turres
644 2104 853 2174 testudinesque
869 2122 957 2174 agero

100 2187 129 2234 et
142 2181 221 2234 scalis
232 2180 331 2233 vallum
343 2182 490 2235 ascendere
501 2185 656 2249 coeperunt.
692 2182 822 2235 Attente
833 2181 955 2236 militum

100 2260 185 2311 virtus
198 2262 281 2325 atque
294 2273 327 2310 ea
339 2258 494 2325 praesentia
509 2258 592 2310 animi
609 2257 662 2310 fuit
677 2262 716 2323 ut,
729 2273 812 2324 quum
828 2256 956 2326 undique

100 2334 209 2388 flamma
231 2337 402 2388 torrerentur
431 2334 603 2401 maximaque
630 2333 747 2386 telorrmr
773 2331 956 2388 multitudine

100 2414 290 2479 premerentur
308 2426 410 2476 suaque
434 2411 524 2462 ‹unnia
543 2408 739 2477 impedimenta
755 2411 839 2477 etque
856 2410 956 2464 ornnes

100 2488 223 2542 fortunas
235 2486 401 2554 conflagrare
413 2485 605 2552 intelligerent,
617 2501 670 2537 non
682 2484 763 2538 inodo
779 2484 954 2552 demigrandi

100 2582 182 2619 eausa
194 2565 229 2618 de
240 2563 310 2617 vallo
323 2561 469 2616 decederet
485 2578 571 2628 nemo,
584 2560 634 2613 sed
649 2577 736 2629 paene
751 2576 786 2613 ue
802 2561 956 2628 respiceret

101 2643 212 2708 quidem
225 2641 376 2710 quisquam,
389 2655 420 2691 ae
433 2644 491 2691 turn
505 2654 598 2690 omnes
608 2637 739 2690 acerrime
749 2636 955 2706 fortissimeque

101 2722 262 2786 pugnarent
295 2717 349 2769 llic
359 2716 418 2768 dies
430 2714 530 2767 nostris
542 2713 621 2780 longe
632 2712 807 2780 gravissimus
818 2711 885 2778 suit3
902 2714 955 2768 sed

101 2799 192 2847 tanen
205 2794 277 2846 hunc
288 2792 383 2845 habuit
395 2795 522 2845 eventum
535 2792 566 2841 ut
579 2805 610 2842 eo
623 2788 668 2843 die
677 2788 811 2842 maximus
822 2804 955 2843 uumerus

101 2869 219 2923 hostium
242 2869 431 2922 vulneraretur
453 2870 536 2934 atque
558 2866 767 2930 interficeretur,
788 2866 820 2917 nt
844 2880 874 2919 se
900 2864 954 2921 sub

101 2947 159 3014 ipso
171 2945 241 2999 vallo
253 2945 471 3012 constipaverant
482 2958 672 3009 recessumque
683 2940 777 3010 primis
792 2939 883 2993 ultimi
897 2956 954 2995 non

92 3022 203 3075 alebant.
239 3019 369 3075 Paullum
378 3019 492 3091 quidem
502 3017 664 3074 intermissa
671 3018 791 3078 llammu,
798 3019 829 3066 et.
836 3014 960 3080 quodam

68 3094 135 3148 loeo
145 3097 336 3155 ternadena
350 3104 383 3157 et
398 3099 589 3169 contingente
605 3094 723 3156 vallum,
731 3087 837 3142 tertiae
851 3086 976 3137 canorus.

49 3174 243 3231 eenturr'ones
257 3194 298 3234 ea
309 3196 348 3234 eo
363 3198 423 3252 quo
441 3178 569 3237 stabant
581 3175 651 3230 roco
666 3161 853 3224 recesserunt
865 3169 993 3217 suosque
