2018 3396
406 129 515 176 LIBER
531 128 597 175 VII.
891 127 938 176 139

89 212 291 268 interficiamus.
326 210 457 265 Ostendit
474 209 547 264 cives
563 209 708 274 Romanos,
721 208 768 276 qui
785 206 845 275 ejus
860 222 940 275 prae

90 292 152 346 sidii
176 289 275 343 fiducia
297 305 351 342 una
374 290 461 342 erant.
497 286 632 340 Continuo
650 301 778 352 magnum
796 302 940 340 numerum

90 367 220 422 frumenti
239 367 460 432 commeatusque
479 363 580 431 diripit,
592 364 666 431 ipsos
681 362 831 416 crudeliter
846 380 941 416 exom-

90 448 176 502 ciatos
187 442 330 498 interficit:
350 441 461 494 nuncios
473 445 533 494 tota
545 440 656 494 civitate
670 439 829 493 Aeduorum
848 439 940 493 dimit-

89 524 133 588 tit,
151 522 249 576 eodem
267 518 408 573 mendacio
428 517 464 571 de
483 518 568 571 caede
588 516 711 584 equitnm
735 519 764 568 et
787 515 938 584 principum

89 601 245 670 permovet:
264 595 390 649 hortatur
406 598 438 648 ut
455 594 534 647 simili
547 593 653 646 ratione
669 595 753 659 atque
768 592 827 660 ipse
843 590 940 645 iecerit

90 693 154 731 suas
165 675 278 744 injurias
290 674 497 742 persequantur.

143 756 183 806 39.
221 748 389 819 Eporedorix
410 746 532 812 Aeduus,
545 761 650 798 summo
665 743 724 798 loco
740 748 822 798 natus
837 743 940 797 adoles-

91 846 156 883 cens
175 831 205 882 et
224 842 344 881 summm
364 823 436 876 domi
456 821 561 890 potent
553 837 603 886 rae,
623 823 652 874 et
671 836 726 873 una
750 820 938 886 VirdumuruS,

90 905 150 974 pari
163 907 255 958 aetate
272 907 301 957 et
317 904 379 970 grat
380 901 413 967 ia,
367 898 479 953 tsed
495 914 597 965 genere
613 896 723 966 dispari,
741 913 822 964 quem
840 897 941 950 Caesar

91 980 166 1051 [sibi]
178 981 213 1033 ab
225 980 310 1033 [livit
290 980 386 1033 ttraco
374 943 506 1030 trdditum
519 991 553 1026 ox
569 973 663 1026 humili
678 972 738 1026 loeo
754 973 791 1026 ad
807 989 939 1027 summam

91 1057 209 1125 dignitat
211 1073 255 1110 em
268 1052 462 1125 perduxerat,
455 1068 482 1104 m
494 1050 571 1118 equit
571 1067 617 1102 um
630 1066 743 1103 numero
758 1055 941 1104 convenerant

90 1134 248 1186 nominatim
272 1131 307 1184 ab
330 1147 363 1184 eo
382 1127 495 1183 evocati
531 1126 584 1178 His
601 1128 661 1180 erat
678 1127 751 1180 inter
768 1143 798 1180 se
816 1127 851 1180 de
869 1128 941 1195 prin-

91 1210 184 1278 cipatu
207 1207 354 1273 contentio,
372 1205 427 1260 et
419 1222 447 1257 ιιι
465 1204 513 1257 illa
530 1203 739 1270 magistratuum
757 1204 941 1257 controversia

91 1286 131 1338 alt
119 1289 163 1338 ter
174 1301 224 1354 pro
241 1282 404 1338 Convictolit
405 1297 464 1346 ane,
476 1280 547 1332 altor
563 1295 612 1346 pro
630 1279 699 1332 Coto
715 1280 826 1332 summis
844 1279 941 1349 opibus

90 1363 286 1431 pugnaverant.
322 1359 397 1412 Ex'‘
380 1375 414 1411 ns
430 1355 600 1424 Eporedorix
623 1355 731 1422 cognito
743 1348 862 1409 Ὶιίιιιιιοι
875 1367 941 1408 con-

91 1438 152 1491 silio
173 1438 264 1490 media
280 1437 339 1490 fere
356 1438 437 1488 nocte
454 1449 513 1484 rem
532 1430 567 1482 ad
586 1430 732 1484 Caesarem
751 1431 856 1496 defert3
880 1435 941 1484 orat

91 1514 117 1568 N
120 1532 136 1568 e
147 1513 268 1582 patiatur
282 1511 421 1566 civitatem
437 1507 530 1578 pravis
543 1507 756 1561 adolescentium
772 1508 890 1561 consiliis
906 1508 941 1560 ab

91 1590 211 1644 amicitia
227 1587 320 1657 populi
345 1585 459 1639 Romani
478 1583 603 1648 deficere,
621 1582 694 1650 quod
712 1583 833 1637 fututurum
851 1587 940 1653 provi-

91 1667 164 1734 deat,
174 1667 197 1719 si
206 1682 235 1719 se
245 1667 288 1718 tot
299 1662 438 1717 hominum
449 1659 524 1713 nrilia
535 1675 597 1712 cum
609 1658 733 1713 hostibus
744 1661 941 1729 conjunxerint,

91 1759 206 1812 quorum
220 1742 334 1796 salutem
346 1755 436 1807 neque
453 1736 598 1806 propinqui
615 1736 754 1804 negligere
772 1754 860 1804 neque
881 1739 942 1791 civi-

91 1821 136 1872 tas
146 1818 199 1871 levi
211 1820 348 1870 momento
360 1815 504 1868 aestimare
517 1816 617 1882 posset.

143 1899 184 1948 40.
220 1895 321 1961 Magna
332 1893 446 1946 allectus
459 1889 640 1944 sollicitudine
652 1888 704 1941 hoc
718 1888 816 1942 nuncio
834 1890 940 1957 Caesar,

92 1971 167 2041 quod
191 1987 299 2040 semper
317 1969 477 2022 Aeduorum
495 1965 599 2020 civitati
617 1965 764 2033 praecipue
781 1966 942 2036 indulserat,

91 2048 166 2101 nulla
178 2047 339 2115 interposita
351 2044 524 2098 dubitatione
536 2041 656 2108 legiones
667 2041 811 2110 oxpieditas
823 2047 942 2112 quatuor

92 2123 298 2191 equitatumque
310 2137 416 2175 omnem
429 2136 463 2173 ex
475 2118 571 2190 castris
584 2117 684 2184 educit,
697 2134 747 2171 nec
760 2119 812 2172 fuit
824 2122 941 2188 spatium

91 2199 140 2252 tali
153 2203 276 2267 tempore
288 2198 325 2252 ad
339 2195 525 2251 contrahenda
540 2196 639 2259 castra,
655 2193 730 2261 quod
745 2210 790 2248 res
808 2198 898 2264 posita
913 2198 941 2250 in

92 2276 233 2330 celeritate
251 2274 402 2327 videbatur.
438 2272 466 2326 O.
485 2270 601 2324 Fabium
617 2270 737 2338 legatum
753 2287 814 2324 cum
831 2273 942 2340 legioni-

92 2351 143 2405 bus
155 2367 178 2405 11
190 2352 286 2406 castris
296 2347 431 2418 praesidio
440 2345 576 2414 relinquit.
610 2345 723 2399 Fratres
733 2346 848 2400 Litavici
858 2366 941 2416 quum

92 2426 286 2496 comprehendi
305 2425 441 2492 jussisset,
462 2422 553 2490 paullo
571 2424 635 2474 ante
653 2423 777 2490 repperit
794 2423 831 2476 ad
848 2424 942 2478 hostes

92 2504 250 2570 profugisse.
285 2500 459 2554 Adhortatus
474 2496 575 2550 milites
594 2513 629 2549 no
645 2497 796 2551 necessario
817 2502 941 2568 temporo

92 2579 197 2632 itineris
208 2579 301 2631 labore
312 2575 532 2645 permoveantur,
544 2571 726 2640 cupidissimis
739 2574 863 2628 omnibus
880 2591 940 2643 pro·

93 2671 202 2721 gressus
214 2653 289 2706 milia
300 2666 428 2720 passuum
440 2664 505 2715 xxv,
517 2663 613 2715 agmen
631 2647 790 2702 Aeduorum
807 2651 942 2720 conspica-

93 2734 139 2784 tus
150 2729 271 2783 immisso
283 2728 408 2798 equitatu
418 2727 473 2780 iter
484 2739 578 2778 eomm
589 2728 712 2777 moratur
723 2728 806 2793 atquo
818 2725 941 2798 impedit,

93 2806 288 2875 interdicitque
296 2803 633 2872 omnibusnequemquam
642 2801 942 2871 interficiantllpore-

94 2884 174 2952 dorig
156 2887 259 2937 ‹remet
247 2880 479 2948 tVirdumarum,
491 2894 559 2948 quos
575 2877 614 2932 illi
631 2878 789 2933 interfectos
805 2880 942 2934 existima-

95 2958 169 3026 bant,
193 2960 265 3014 inter
287 2957 395 3026 equites
418 2955 520 3011 versari
544 2971 662 3024 suosque
690 2955 837 3023 appetisse
858 2954 962 3014 geues„

96 3038 148 3091 His
160 3036 275 3106 cognitis
286 3039 316 3091 et
332 3034 452 3090 Litavici
467 3033 570 3090 haudo
584 3034 747 3102 perspeem
765 3023 865 3078 heum
874 3026 990 3068 mm*

87 3113 210 3181 tendere,
223 3113 314 3170 dedit
293 3117 402 3170 tionem
413 3113 582 3186 significare
600 3115 635 3164 et
648 3100 827 3183 prosectis
814 3091 915 3147 aeuus
927 3089 996 3197 mg}

76 3191 134 3243 tem
149 3158 302 3263 dephecari
314 3194 476 3266 incipiunt.
511 3188 679 3249 Litavicus
696 3193 774 3235 aum
788 3171 858 3224 W*
872 3160 960 3209 m*
950 3150 995 3191 x
