2018 3396
440 123 551 174 LIBER
568 125 622 176 111.
930 133 962 179 65

104 209 270 278 dediderint,
291 209 314 263 si
335 206 403 278 quid
423 205 465 260 his
488 222 539 274 por
562 206 616 259 rim
638 206 753 273 aecidat,
774 211 822 263 aut
843 208 962 263 eundem

104 303 195 341 casum
214 302 268 340 uua
287 286 379 339 ferant
396 286 445 336 ant
465 281 517 336 sibi
534 284 652 336 mertem
672 284 855 349 consciscant3
873 301 963 352 nequo

39 390 42 397 ·
101 362 192 416 ¹adhue
203 362 344 416 hominum
356 360 487 414 memoria
498 362 625 427 repertus
642 363 685 412 est
705 360 849 429 quisquam
866 361 913 430 qui
930 372 963 414 co

104 438 249 493 interiecto
266 436 344 506 eujus
361 453 391 490 se
413 434 547 489 amicitiae
571 434 727 489 devovisset
748 440 864 490 mortem
885 454 962 491 reeu-

105 518 289 569 sarem-eum
310 512 353 566 bis
375 512 592 566 Adeantuannus
616 512 787 580 eruptionem
808 513 897 567 iecere
919 530 962 567 co-

14 600 21 614 ·
104 594 192 658 natus,
204 590 325 644 clamore
337 588 372 642 ab
385 605 418 642 ea
429 591 509 656 parte
522 589 682 643 munitionis
699 589 814 654 sublato,
827 607 910 659 quum
927 591 963 643 ad

106 683 181 721 arma
192 666 293 720 milites
305 665 506 719 concurrissent
519 665 751 734 vehementerque
763 666 802 719 ibi
812 670 964 735 pugnatum

106 747 186 812 esset,
198 743 322 812 repulsus
339 743 366 797 iu
382 740 512 812 oppidum
531 745 624 795 tamen
640 741 681 795 uti
697 741 795 795 eadem
815 742 963 797 deditionis

107 819 262 874 conditione
273 823 400 873 uteretur
411 817 446 871 ab
460 817 558 871 Crasso
571 818 735 887 impetrarit.

118 916 129 929 ·
158 901 200 950 23.
236 896 329 949 Amris
355 894 550 965 obsidibusque
571 895 688 963 acceptis
711 895 825 950 Crassus
846 895 874 948 in
897 896 963 948 fines

107 970 252 1026 Vocatium
264 976 294 1025 ct
305 972 478 1024 'l'arusatium
491 970 629 1040 profectus
645 975 694 1025 est
733 973 802 1025 Tum
819 988 884 1025 vcro
901 970 962 1024 bar-

108 1047 167 1102 bari
184 1048 321 1114 commoti,
340 1047 413 1116 quod
434 1047 566 1116 oppidum
587 1051 616 1101 ct
636 1051 735 1101 natura
756 1048 806 1100 loci
828 1052 858 1101 ct
879 1063 963 1100 manu

108 1125 242 1177 munitum
258 1124 352 1192 paucis
367 1122 463 1176 diebus
482 1122 580 1191 quibus
598 1139 631 1176 eo
650 1127 761 1176 scutum
780 1127 841 1177 erat
859 1140 963 1192 expug-

108 1203 203 1254 natum
231 1203 421 1268 cognoverant,
445 1199 550 1266 legatos
574 1216 792 1268 quoqueversmn
815 1200 963 1267 dimittere,

108 1275 259 1344 conjurare,
273 1275 383 1329 obsides
396 1276 468 1329 inter
478 1275 592 1343 sedare,
602 1276 693 1343 copias
703 1280 963 1345 pararocecpcmnt.

110 1353 262 1407 Mittuntur
274 1353 356 1412 et‘mm
369 1353 404 1406 nd
416 1367 463 1406 eas
475 1352 600 1405 civitates
612 1353 703 1419 legati,
713 1370 783 1421 qrrae
798 1356 861 1406 sunt
874 1353 964 1407 citeri-

109 1428 162 1482 oris
176 1428 327 1498 Hispaniae
339 1428 470 1484 fiuitimae
484 1429 664 1497 Aquitaniae:
681 1429 745 1482 inde
755 1429 855 1482 arixilia
869 1429 964 1482 duces·

109 1521 163 1574 que
177 1509 357 1559 arcessuntur.
385 1505 506 1569 Quorum
523 1504 643 1558 adventu
658 1521 756 1572 magua
772 1523 833 1559 cum
850 1505 964 1559 auctori-

109 1583 168 1634 tate
180 1583 209 1634 et
221 1597 320 1648 magna
332 1598 393 1635 cum
404 1581 545 1634 bominum
557 1580 734 1634 rmdtitudine
751 1581 852 1635 bellum
867 1598 964 1650 gerere

109 1660 250 1713 conantur.
280 1656 372 1712 Duces
383 1675 448 1712 vero
460 1657 479 1711 ii
493 1657 650 1724 deliguntur
663 1657 710 1725 qui
722 1674 777 1710 una
789 1658 965 1722 cu1nQ.Sor·

109 1734 179 1787 torio
200 1750 294 1787 omnes
314 1749 397 1788 annes
418 1736 527 1788 fuerant
549 1750 736 1802 summamque
759 1735 899 1788 scientiam
924 1737 963 1788 rei

109 1809 235 1864 militaris
243 1810 345 1864 habero
355 1810 589 1864 existimabantur.
617 1810 962 1880 lliconsuetudinepopuli

111 1883 226 1939 Romani
238 1885 297 1940 loca
308 1904 412 1955 rapere,
422 1890 511 1940 castra
524 1886 637 1953 inanire,
647 1886 844 1942 commeatibus
857 1892 964 1941 nostros

109 1961 293 2017 intercludere
305 1963 461 2017 instituunt.
492 1961 571 2025 Quod
584 1961 631 2015 ubi
645 1962 760 2016 Crassus
770 1963 964 2017 auimadrcrtit

110 2053 173 2090 suas
185 2039 275 2107 copias
284 2042 398 2108 prepter
407 2038 586 2106 exiguitatem
595 2055 649 2091 non
661 2039 739 2093 saucilc
750 2039 847 2104 diduci,
857 2040 963 2092 hostem

68 2184 71 2189 Ι
110 2116 141 2168 et
151 2115 244 2183 vagari
256 2119 286 2169 et
297 2114 355 2168 vias
368 2113 494 2168 obsidere
507 2118 535 2168 et
547 2115 644 2168 eastris
657 2116 723 2168 satis
737 2116 866 2184 praesidii
883 2115 964 2168 relin-

111 2206 203 2258 quere,
216 2189 252 2243 eb
264 2207 324 2245 eam
336 2207 445 2244 eausam
457 2191 544 2244 minus
557 2191 698 2244 commode
712 2193 878 2247 frumentum
892 2208 963 2245 eom-

110 2269 285 2335 meetumque
304 2265 356 2319 sibi
374 2267 535 2335 supportari,
554 2267 660 2320 indies
682 2267 799 2321 hostium
821 2284 963 2321 mimorum

110 2341 212 2410 augeri,
226 2357 279 2395 non
299 2341 481 2395 cunctandum
498 2343 665 2397 existimavit
682 2344 747 2412 quin
764 2361 854 2412 pugna
871 2344 964 2397 decer-

109 2419 191 2471 taret.
227 2417 288 2472 Hac
300 2435 331 2472 re
343 2418 379 2471 ad
391 2418 531 2472 consilium
545 2418 644 2488 delata,
654 2419 701 2472 ubi
715 2436 807 2472 onmes
820 2419 894 2472 idem
906 2436 964 2473 scn-

109 2492 164 2546 tire
175 2493 319 2562 intellexit,
331 2499 470 2562 posterum
484 2495 557 2549 diem
571 2513 679 2564 pugnae
692 2495 840 2549 coustituit.

159 2572 201 2624 24.
238 2569 331 2622 Prima
339 2570 399 2624 luce
407 2570 548 2639 productis
559 2561 783 2639 omnibus'copiis,
794 2570 896 2639 duplici
905 2573 963 2626 acie

108 2644 242 2713 instituta,
253 2646 361 2699 auxiliis
373 2646 401 2699 in
414 2647 532 2700 mediam
546 2649 632 2701 aciem
646 2647 784 2714 conjectis,
794 2646 861 2714 quid
870 2646 963 2701 hostes

109 2721 212 2774 consilii
224 2726 355 2791 caperent
367 2723 550 2791 exspectabat.
589 2724 633 2776 Illi
646 2724 698 2776 etsi
711 2727 824 2792 propter
839 2723 963 2777 multitu-

110 2796 202 2851 dinem
210 2801 239 2852 et
246 2801 369 2851 retorem
377 2798 443 2852 belli
452 2799 567 2867 gloriam
576 2800 798 2868 paucitatemque
808 2802 962 2855 nostrorum

111 2888 140 2927 se
151 2875 213 2927 tuto
226 2874 402 2927 dimicaturos
412 2876 614 2939 existimabant,
624 2879 716 2928 tauron
727 2876 814 2929 tutius
824 2892 883 2941 osse
893 2875 962 2928 arbi·

110 2949 255 3003 trahantur
276 2948 393 3005 obsessis
416 2951 469 3008 viis
489 2954 651 3008 commeatu
665 2951 824 3005 intercluso
842 2951 909 3001 <sne
922 2947 990 2994 xmus

106 3026 216 3080 redaere
228 3026 345 3083 victoria
356 3032 456 3104 potiri,
466 3036 496 3089 et
510 3033 537 3089 si
547 3034 670 3106 propter
682 3027 820 3097 inop'mm
826 3021 1008 3097 mximum*

95 3100 182 3155 tanae
194 3102 319 3161 Romani
332 3124 400 3167 sose
411 3113 553 3187 recipere
565 3095 1008 3202 coepissentpmnedberffig

81 3174 160 3231 mino
172 3181 205 3233 ot
218 3180 275 3237 sub
289 3187 419 3247 sarcinis
432 3191 613 3250 infirmiore
626 3188 734 3246 aninmo
744 3159 990 3238 abstrusam*
