2018 3396
397 131 508 182 LIBER
524 133 605 182 VIII.
884 135 929 186 167

60 243 65 250 ·
76 209 159 264 nibus
170 211 283 280 veniret,
295 211 393 265 offerre
405 229 435 265 se
447 212 483 265 ad
495 211 687 282 dimicandum,
698 228 734 267 ne
745 211 887 266 miseriore
898 229 931 267 ac

77 286 187 341 duriore
196 289 293 356 postea
300 288 455 341 conditione
463 305 524 342 eum
532 292 592 342 toto
600 291 723 343 exercitu
731 288 876 343 decertare
888 305 931 343 co

76 367 221 430 gerentur:
239 363 262 416 si
274 363 392 431 majores
408 365 499 432 copias
508 363 665 431 adduceret,
676 366 704 418 in
714 382 747 418 co
755 365 814 418 loco
823 381 931 435 perma-

76 440 422 509 nerequcmdclegissent3
441 440 615 510 pabulatione
624 445 724 506 autem,
734 458 804 509 quae
814 444 930 511 propter

76 517 140 569 anni
147 519 257 586 tempus
264 533 348 586 quum
356 517 454 584 exigua
461 519 521 569 tum
528 516 645 584 disjecta
652 523 734 583 esset,
742 520 771 570 et
780 517 929 571 frumenta-

77 593 151 647 tionc
159 595 189 647 et
197 593 301 660 reliquo
311 595 464 646 commeatu
473 609 508 646 cx
517 592 622 646 insidiis
632 593 778 663 prohibere
786 593 931 647 Romanos.

129 675 153 724 8.
183 669 264 734 Quae
275 669 375 724 Caesar
386 669 618 723 consentientibus
630 670 754 740 pluribus
771 686 854 738 quum
869 686 932 736 cog-

76 744 205 817 novisset,
225 749 309 814 atque
332 761 365 799 ea
392 761 463 814 quae
488 750 706 815 proponerentur
722 745 831 800 consilia
850 745 933 815 plena

76 819 405 890 prudentiaclongcquea
415 822 570 876 temeritate
580 821 932 876 barbarorumrcmotaesse

72 896 220 965 judicaret,
232 897 357 951 omnibus
369 896 453 951 rebus
463 898 666 952 inserviendum
678 898 783 966 statuit,
795 913 850 966 quo
862 897 932 952 cclc-

77 972 135 1026 rius
159 973 246 1027 hostis
268 976 426 1042 contempta
449 991 561 1027 suorum
586 974 727 1044 paucitate
745 974 878 1043 ,prodiret
903 974 932 1027 in

76 1049 176 1103 aciem:
194 1049 337 1117 singularis
349 1050 421 1103 enim
438 1050 550 1104 virtutis
565 1050 728 1105 veterrimas
742 1051 865 1118 legiones
882 1065 932 1117 vn,

77 1139 139 1192 r111,
151 1139 216 1179 v1111
228 1124 364 1191 habebat;
382 1142 504 1180 summae
516 1127 575 1196 spei
588 1127 767 1193 delectaeque
777 1127 876 1193 juvent
895 1127 932 1180 tis

77 1216 116 1269 x1,
128 1219 197 1270 quae
212 1206 308 1256 octavo
320 1203 380 1271 J'am
390 1203 528 1272 stipendio
537 1201 652 1331 Quinem]
663 1206 754 1256 tamen
766 1201 817 1272 [in]
829 1202 932 1257 collati-

77 1293 129 1331 one
137 1278 304 1345 'reliquarum
315 1278 436 1332 nondum
449 1278 537 1332 cande
574 1279 720 1332 vetustatis
727 1295 759 1332 ae
770 1279 880 1332 virtutis
889 1295 932 1332 ce-

77 1357 157 1422 perat
169 1355 329 1422 opinionem.
348 1355 448 1424 Itaque
460 1354 572 1408 consilio
584 1355 723 1421 advocate,
732 1354 814 1409 rebus
821 1355 855 1408 iis
862 1372 932 1423 quae

77 1429 114 1483 ad
126 1446 155 1484 se
167 1433 259 1484 essent
271 1431 380 1485 delatae
396 1430 520 1484 omnibus
536 1431 676 1500 expositis,
688 1432 793 1485 animos
808 1431 932 1485 multitu-

78 1505 149 1559 dinis
160 1506 310 1560 confirmat.
346 1506 376 1561 Si
388 1506 459 1560 forte
471 1507 565 1561 hostes
578 1507 662 1561 trium
670 1507 808 1575 legionum
817 1523 931 1560 numero

77 1584 171 1651 posset
183 1582 281 1636 elicere
293 1582 330 1635 ad
341 1581 533 1648 dimicandum,
544 1583 659 1650 agminis
673 1583 798 1636 ordinem
815 1582 855 1636 ita
871 1597 932 1635 con-

78 1658 169 1712 stituit
184 1661 216 1712 ut
231 1658 303 1726 legio
319 1673 369 1727 vn,
385 1673 446 1725 vm,
460 1673 526 1711 vnn
542 1662 607 1712 ante
623 1657 713 1711 omnia
729 1659 802 1712 irent
816 1657 932 1727 impedi-

77 1736 185 1800 menta3
203 1734 303 1788 deinde
322 1735 441 1788 omnium
459 1734 718 1803 impedimentorum
737 1750 844 1802 agmen,
856 1733 931 1802 quod

77 1815 171 1864 tamen
183 1812 244 1864 erat
260 1807 405 1877 mediocre,
420 1812 452 1863 ut
468 1809 496 1862 in
511 1809 730 1877 expeditionibus
744 1826 806 1864 esse
821 1826 933 1863 consue-

77 1886 125 1954 vit,
142 1889 253 1955 cogeret
274 1886 427 1955 undecima,
442 1881 478 1940 ne
497 1885 610 1953 majoris
626 1885 809 1939 multitudinis
828 1886 932 1954 speeies

77 1963 202 2017 accidere
211 1962 336 2018 hostibus
344 1964 438 2032 posset
449 1978 530 2030 quam
542 1962 594 2030 ipsi
606 1961 834 2030 depoposcissent
871 1961 943 2024 llac,

77 2039 184 2093 ratione
197 2055 284 2108 paene
299 2039 434 2108 quadrato
446 2037 555 2105 agnrino
569 2037 704 2091 instructo
718 2037 746 2090 in
758 2041 932 2106 conspectum

77 2114 196 2168 hostium
207 2115 322 2170 celerius
334 2115 459 2185 opinione
471 2130 565 2168 eorum
579 2114 731 2168 exercitum
743 2114 863 2169 adducit.

131 2197 153 2244 9.
185 2191 275 2256 Quum
287 2197 400 2260 repente
412 2191 560 2244 instructas
571 2190 647 2244 velut
658 2191 686 2244 in
696 2191 753 2245 acie
761 2194 837 2245 certo
845 2191 934 2259 gradu

77 2266 199 2333 legiones
210 2268 341 2322 accedere
354 2267 424 2323 Galli
437 2267 573 2332 viderent,
586 2282 704 2336 quorum
719 2270 798 2321 amnt
815 2267 852 2320 ad
868 2267 934 2320 an-

78 2360 165 2396 sarem
175 2344 258 2412 plena
266 2344 382 2398 fiduciae
389 2343 501 2397 consilia
509 2342 625 2411 perlata,
632 2343 688 2396 sive
697 2343 853 2396 certaminis
863 2345 934 2411 per?-

77 2420 145 2487 culo,
151 2421 208 2475 sive
215 2420 308 2475 subito
315 2421 443 2486 adventu,
449 2435 499 2472 seu
508 2419 714 2486 exspectatione
723 2419 812 2472 nostri
822 2419 934 2490 consilii,

77 2496 168 2562 copias
180 2495 321 2551 instruunt
332 2512 381 2564 pro
393 2494 492 2548 castris
502 2509 554 2546 nec
566 2494 624 2547 loeo
636 2494 777 2561 superiore
787 2493 934 2550 decedunt.

78 2571 181 2624 Caesar
192 2571 245 2624 etsi
257 2570 387 2624 dimicare
398 2572 551 2638 optaverat,
560 2572 655 2622 tamen
664 2569 816 2622 admiratus
827 2572 934 2624 tantuin

78 2646 284 2700 multitudinem
296 2646 413 2700 hostium
425 2644 497 2698 valle
508 2644 666 2698 intermissa
677 2645 765 2712 magis
773 2645 801 2698 in
811 2645 935 2703 altitudi-

78 2738 141 2776 nem
156 2722 288 2791 depresea
303 2737 384 2791 quam
400 2721 456 2775 late
469 2723 583 2788 patente
597 2724 688 2774 castra
704 2721 801 2775 castris
816 2721 935 2778 hostium

78 2799 192 2853 confert.
228 2799 306 2853 Hace
317 2799 434 2867 imporat
445 2797 517 2851 vallo
529 2797 632 2867 pedum
641 2813 684 2851 x11
691 2798 799 2866 muniri,
806 2798 936 2870 [coronis

79 2873 145 2944 que]
152 2875 292 2930 loriculam
309 2891 359 2943 pro
376 2875 482 2928 ratione
501 2873 561 2942 ejus
579 2874 736 2928 altitudinis
754 2874 935 2940 inaedificari3

78 2952 179 3006 fossam
186 2952 323 3022 duplicem
331 2951 433 3021 pedum
443 2951 557 3020 quinum
566 2951 667 3006 denum
676 2949 810 3006 lateribus
821 2950 943 3003 directis

79 3030 210 3099 deprimi3
230 3034 321 3085 turres
341 3028 455 3084 crebras
472 3029 643 3086 excitarim
662 3026 856 3082 altitudinem
868 3021 974 3095 nexam

73 3106 269 3177 tabulatorum,
279 3109 416 3182 pontibus
424 3109 598 3182 transiectis
605 3101 830 3166 consumamus
841 3091 975 3156 ΜΨ

61 3197 182 3252 qnorum
198 3187 310 3247 frontes
322 3189 458 3255 viminea
467 3189 604 3250 loricula.
613 3151 975 3244 numreuutsssbxffi
