2018 3396
439 95 550 185 mena
569 134 620 186 iv.
928 142 960 189 es

102 216 247 270 difficultas
258 216 375 270 faciendi
386 217 478 286 pontis
489 217 695 286 proponebatur
706 220 820 287 propter
838 219 961 276 latitudi-

100 310 170 358 nem,
183 293 360 362 rapiditatem
372 293 600 362 altitudinemque
613 294 738 361 fluminis,
751 299 844 350 tamen
858 297 889 351 id
907 300 958 354 sibi

101 369 322 422 contendendum
334 373 383 423 aut
394 367 476 423 aliter
487 387 541 423 non
557 369 790 424 transducendum
806 374 957 429 exercitum

101 444 283 499 existimabat.
326 445 470 500 Rationem
494 445 586 514 pontis
609 444 680 499 hanc
704 445 832 502 instituit.
874 448 960 518 Tigna

101 520 165 573 bina
183 520 391 589 sesquipedalia,
402 521 514 589 paulum
531 520 566 575 ab
585 520 640 574 imo
659 525 813 590 praeacuta,
833 523 957 580 dimensa

101 595 138 649 ad
150 595 324 650 altitudinem
337 596 463 665 fluminis,
474 597 618 651 intervallo
633 597 735 666 pedum
752 598 869 652 duorum
884 600 959 656 inter

102 688 131 726 se
149 671 293 741 jungebat.
331 673 408 726 Haec
427 675 511 741 quum
529 672 771 726 machinationibus
790 675 912 731 immissa
930 679 958 732 in

101 748 202 801 flumen
215 749 349 802 defixerat
361 749 519 817 fistucisque
528 748 660 814 adegerat
671 763 724 800 non
740 747 860 803 sublicae
875 753 958 807 modo

102 823 208 878 directe
221 825 257 878 ad
269 824 500 893 perpendiculum,
513 823 562 877 sed
573 840 659 891 prone
675 840 707 876 ac
722 823 851 892 fastigato
867 830 899 880 ut
916 845 958 882 sc-

101 900 219 952 cundum
237 904 363 953 naturam
382 900 500 953 fluminis
517 899 734 968 procumberent
748 899 790 952 bis
808 901 876 954 item
894 918 957 956 con·

101 977 185 1029 traria
198 977 252 1029 duo
267 977 303 1029 ad
318 977 435 1030 eundem
450 975 562 1028 modum
576 973 674 1042 juncta
691 974 834 1028 intervallo
851 976 952 1044 pedum

101 1051 305 1120 quadragenum
317 1053 353 1106 ab
364 1053 492 1105 inferiore
504 1054 583 1120 parte
596 1055 691 1104 contra
702 1052 756 1104 vim
772 1054 855 1119 atque
868 1053 955 1122 impe·

101 1131 160 1179 tum
173 1128 290 1181 fluminis
303 1144 433 1182 conversa
443 1127 588 1182 statuebat.
626 1127 704 1180 Hacc
715 1131 832 1194 utraque
844 1129 956 1198 insuper
991 1134 1004 1153 ’

101 1203 275 1271 bipedalibus
283 1205 408 1257 trabibus
417 1204 553 1270 immissio,
567 1207 699 1271 quantum
712 1220 805 1256 corum
819 1205 955 1271 tignorum

80 1278 227 1346 ¹junctura
252 1280 380 1346 distabat,
404 1279 475 1331 binis
498 1280 638 1346 utrimque
661 1279 751 1331 fibulis
774 1279 809 1330 ab
833 1284 956 1335 extrema

101 1359 180 1422 parte
191 1355 394 1409 distinebantur
403 1375 409 1419 ;
422 1354 520 1421 quibus
530 1354 655 1407 disclusis
665 1358 748 1422 atque
758 1355 785 1406 in
794 1357 965 1421 contrariam,

100 1435 207 1497 partem
228 1432 357 1484 revinctis
381 1434 460 1483 tanta
478 1434 538 1483 orat
556 1430 644 1497 operis
662 1429 802 1483 firmitudo
820 1433 905 1499 atque
923 1449 955 1485 ea

100 1522 193 1558 rerum
205 1510 303 1560 natura
315 1509 346 1560 ut
358 1522 412 1575 quo
425 1504 513 1572 major
525 1505 565 1558 vis
577 1521 665 1572 aquae
677 1521 707 1558 se
718 1504 892 1573 incitavisset,
904 1506 954 1560 hoc

101 1583 187 1635 artius
200 1583 304 1651 illigata
315 1585 484 1643 tenerentur.
521 1583 598 1635 llaec
609 1581 715 1635 directa
727 1581 841 1634 materia
852 1582 953 1649 injecta

100 1659 315 1713 contexebantur
326 1676 358 1712 ae
369 1658 500 1726 longuriis
512 1658 688 1727 cratibusque
701 1657 950 1714 consternebantur.

102 1736 144 1787 Ac
157 1735 241 1788 nihilo
254 1736 341 1788 secius
355 1735 474 1788 sublicae
485 1738 515 1788 ot
526 1734 561 1786 ad
575 1733 732 1788 inferiorem
745 1737 853 1802 partem
868 1734 953 1788 flumi-

100 1810 142 1862 nis
154 1810 264 1879 oblique
276 1810 435 1879 agebantur,
448 1827 518 1878 quac
530 1827 580 1877 pro
592 1809 678 1864 ariete
695 1808 836 1877 subjectae
850 1813 880 1864 et
893 1827 953 1864 cum

100 1887 173 1940 omni
189 1904 272 1956 opero
286 1887 445 1955 conjunctae
460 1888 513 1940 vim
529 1886 647 1938 fluminis
663 1885 827 1954 exciperent,
843 1890 873 1941 et
886 1887 954 1941 aliae

100 1963 167 2016 item
180 1980 262 2032 supra
273 1968 384 2032 pontem
396 1961 528 2015 mediocri
540 1962 677 2030 spatio,ut
689 1962 712 2013 si
725 1961 852 2014 arborum
861 1965 950 2016 trunci

100 2039 157 2091 sive
166 2055 247 2091 navos
257 2037 403 2105 dejiciendi
414 2037 505 2106 operis
514 2036 617 2106 [eausa]
626 2040 719 2090 esseut
728 2053 745 2090 a
753 2035 877 2091 barbaris
890 2039 952 2090 mis-

100 2130 153 2180 sac,
170 2115 213 2166 bis
233 2112 421 2167 defensoribus
436 2129 529 2166 earum
546 2128 639 2165 rerum
656 2111 697 2165 vis
713 2112 887 2166 minueretur
898 2130 952 2166 neu
993 2172 997 2178 ,

101 2191 179 2256 ponti
190 2193 328 2243 nocerent.
598 2177 620 2221 l(

153 2272 191 2320 18.
229 2264 332 2319 Diebus
345 2265 439 2319 decem
452 2264 552 2334 quibus
564 2265 680 2318 materia
692 2270 790 2334 coepta
805 2269 866 2319 crat
880 2282 953 2319 com-

98 2342 204 2409 portari
215 2341 287 2394 omni
298 2358 380 2409 opere
392 2341 489 2394 effecto
506 2341 642 2394 exercitus
656 2341 850 2395 transducitur.
888 2342 954 2396 Cae-

100 2435 144 2470 sar
156 2417 192 2470 ad
204 2421 349 2484 utramque
361 2421 467 2484 partcm
479 2416 571 2483 pontis
583 2417 661 2469 firmo
674 2418 809 2485 praesidio
821 2418 916 2471 relicto
926 2419 954 2471 in

99 2493 166 2547 fines
190 2493 394 2561 Sigambrorum
418 2492 565 2547 contendit.
602 2493 718 2546 interim
736 2510 753 2546 a
770 2493 954 2562 compluribus

98 2568 255 2623 civitatibus
272 2568 309 2621 ad
326 2585 389 2623 eum
407 2569 492 2636 legati
510 2571 622 2623 veniunt
641 2569 739 2638 quibus
756 2586 851 2638 pacem
869 2572 953 2638 atque

98 2644 243 2699 amicitiam
267 2645 425 2712 petentibus
448 2645 598 2700 liberaliter
622 2645 770 2714 respondit,
789 2644 953 2713 obsidesque

97 2721 135 2775 ad
153 2739 183 2776 se
201 2722 302 2775 adduci
316 2722 407 2790 jubet.
445 2726 486 2777 At
502 2724 638 2792 Sigambri
653 2742 687 2778 ex
702 2741 734 2777 eo
751 2728 882 2792 tempore,
898 2739 952 2791 quo

97 2814 165 2867 pons
177 2799 283 2870 institui
295 2802 408 2867 coeptus
421 2804 471 2867 est,
483 2801 549 2868 fuga
560 2804 717 2869 comparata
732 2798 904 2854 hortantibus
920 2799 953 2851 iis

98 2891 166 2942 quos
177 2891 212 2927 ex
225 2875 403 2928 Tcnchtheris
414 2879 499 2944 atque
512 2877 672 2945 Usipetibus
684 2876 758 2944 apud
768 2893 797 2929 se
806 2874 962 2932 habebant,

98 2949 196 3006 sinibus
223 2951 278 3003 suis
303 2955 481 3007 excesserant
505 2969 614 3021 suaque
634 2952 734 3004 omma
754 2943 988 3010 emmaum

17 3087 22 3095 ¹
90 3026 215 3093 sequein
229 3026 411 3085 solitudinem
424 3031 559 3086 acsilras
570 3026 765 3083 abdiderant.
918 3082 921 3086 .
972 3065 1004 3104 Ὁ,

136 3107 175 3157 19,
217 3105 324 3163 Caesar
343 3125 457 3179 paucos
477 3109 600 3165 diesin
619 3117 729 3158 eorum
752 3089 875 3163 imm*
886 3080 1004 3188 Ἓξ

70 3180 208 3238 omnibus
222 3184 296 3243 vicis
315 3189 537 3262 aedificiisque
554 3180 698 3242 incensis
712 3159 923 3226 mmmmm
