2018 3396
465 130 577 179 LIBER
594 129 630 178 V.
946 127 977 179 77

126 213 206 266 licere
222 215 372 277 vereretur,
388 211 438 265 llos
454 226 548 264 omnes
565 210 594 263 in
614 208 783 264 Britanniam
802 208 978 274 transductus

124 293 246 342 necaret:
264 287 346 340 fidem
359 287 472 354 reliquis
484 287 666 354 interponere,
675 285 869 353 jusjurandum
885 300 978 352 posce-

123 380 161 429 re,
174 369 205 417 ut
223 363 297 431 <pred
313 379 373 416 esse
389 378 423 415 ex
440 379 491 415 usu
507 362 611 416 Galliae
628 361 827 415 intellexissent
842 363 977 415 communi

122 439 233 493 consilio
253 439 485 492 administrarent.
523 438 599 491 llaec
618 453 635 490 a
653 435 836 505 compluribus
855 436 892 489 ad
911 437 977 491 Cae

122 532 212 570 sarem
224 513 425 570 deserebantur.

174 595 197 649 7.
234 591 293 656 Qua
316 608 347 644 re
372 590 480 658 cognita
504 589 612 653 Caesar,
637 588 711 656 quod
740 596 847 642 tantum
871 590 977 644 civitati

122 668 238 722 Aeduae
260 667 401 734 dignitatis
421 664 567 735 tribuebat,
585 663 764 718 coercendum
783 671 866 734 atquc
886 666 977 720 deter-

121 745 237 798 rendum
250 743 465 811 quibuscumque
474 741 556 795 rebus
565 744 658 810 posset
669 741 864 808 Dumnorigem
874 746 977 796 statue-

121 819 184 886 bat;
209 820 284 888 quod
308 818 498 886 longius.ejus
522 818 669 872 amentiam
699 817 827 885 progredi
856 818 975 881 ridebat,

121 895 339 965 prospiciendum
351 912 385 948 no
397 895 464 963 quid
476 894 527 948 sibi
540 911 571 948 ae
583 895 623 948 rei
634 893 759 963 publicae
770 911 867 947 nocere
876 901 976 961 posset.

122 973 223 1041 Itaque
240 973 299 1025 <lies
317 973 425 1025 circiter
443 987 499 1025 xxv
516 970 544 1024 iu
562 988 595 1024 eo
613 970 672 1023 loeo
692 974 880 1036 commoratus,
900 973 976 1040 quod

119 1065 199 1102 coriis
211 1053 309 1102 ventus
321 1049 521 1115 navigationem
535 1046 712 1115 impediebat,
723 1047 769 1113 qui
780 1063 904 1114 nragnam
915 1065 976 1117 par-

119 1129 176 1178 tem
195 1126 282 1178 omnis
299 1126 431 1192 temporis
450 1124 536 1176 iuliis
556 1124 620 1176 locis
642 1123 709 1176 [lare
726 1124 872 1188 eormuevit,
890 1124 974 1178 dabat

118 1218 228 1270 operam
241 1206 273 1254 ut
289 1201 316 1253 in
333 1201 419 1252 oflieio
438 1200 632 1265 Dumnorigem
654 1200 813 1264 contineret,
831 1199 914 1252 nihilo
934 1204 976 1253 ta-

119 1294 181 1329 men
207 1277 294 1330 secius
318 1276 408 1328 omnia
433 1275 492 1342 ejus
517 1275 627 1327 consilia
651 1279 839 1342 cognosceret:
863 1276 974 1330 tandem

118 1353 244 1405 idoneam
257 1355 352 1405 nactus
362 1355 556 1420 tempestatem
566 1350 669 1404 milites
678 1351 839 1418 equitesque
848 1369 974 1406 conscen-

119 1430 184 1482 dere
198 1430 224 1480 in
236 1446 319 1482 naves
329 1428 417 1496 jubet,
453 1431 493 1480 nt
502 1427 622 1480 omnium
632 1426 771 1495 impeditis
783 1428 879 1480 animis
892 1429 974 1482 llum-

95 1504 98 1509 '
118 1506 194 1557 ironis
206 1522 266 1557 cum
279 1503 417 1571 equitibus
437 1504 597 1556 Aeduorum
613 1520 630 1556 a
646 1503 743 1556 castris
760 1503 890 1557 insciente
907 1507 974 1559 Cac-

118 1598 179 1632 sare
199 1580 307 1633 dornum
323 1579 463 1632 discedere
475 1581 572 1648 eoepit.
610 1579 669 1644 Qua
685 1596 716 1632 re
731 1579 858 1632 nunciata
874 1581 972 1634 Caesar

117 1656 271 1708 intermissa
292 1656 460 1723 profectione
474 1660 557 1722 atque
574 1656 701 1709 omnibus
717 1655 799 1708 rebus
815 1658 973 1724 postpositis

117 1749 244 1799 nragrrarn
262 1738 368 1799 partem
386 1732 524 1861 equitatus
541 1733 576 1785 ad
593 1749 654 1786 curn
672 1732 868 1800 insequendum
886 1734 972 1786 mittit

117 1809 300 1876 retrahique
293 1812 424 1876 imperat:
441 1809 463 1860 si
476 1809 531 1862 vim
542 1808 624 1862 faeiat
636 1826 724 1877 neque
741 1809 972 1878 pareat,1uterfe1

112 1885 201 1974 jubet,
183 1885 282 1940 ntihil
292 1885 364 1938 hune
373 1902 402 1938 se
410 1884 508 1938 absent
496 1889 586 1954 tepro
599 1902 664 1938 sano
676 1888 730 1938 lact
720 1889 811 1938 turum
823 1885 939 1939 arbitrat

117 1962 163 2028 qui
190 1961 373 2030 praeseutis'
363 1962 509 2030 imperium
526 1962 698 2029 neglexisset
735 1960 786 2014 Ille
806 1962 877 2014 enim
896 1979 972 2016 revo-

115 2041 192 2090 catus
206 2038 342 2091 resistere
345 2054 377 2091 ao
395 2055 425 2091 se
442 2055 524 2090 manu
542 2038 689 2091 (lelenderc
705 2054 869 2105 suorumque
888 2039 971 2092 fidem

116 2114 261 2182 implorare
276 2114 372 2183 eoepit,
385 2129 467 2181 saepe
479 2114 571 2166 clamit
560 2118 620 2166 tans
633 2114 750 2167 liberum
769 2131 798 2167 se
814 2114 971 2182 liberaeque

115 2206 174 2243 essu
197 2189 299 2243 civitat
280 2194 322 2243 trs
360 2188 467 2255 illi,ut
490 2192 550 2241 erat
572 2190 744 2256 imperatum
769 2191 971 2245 circunsistmrt

114 2264 297 2318 hemincmt
269 2269 307 2318 at
298 2282 352 2334 que
371 2264 553 2330 interficiuut3
572 2268 601 2318 at
620 2266 696 2331 equit
698 2283 727 2318 es
751 2267 851 2318 Aedui
855 2266 891 2318 ad
904 2267 933 2320 Cu
934 2284 970 2320 ιι-

115 2357 202 2393 sarem
221 2357 314 2393 omnes
327 2344 510 2396 revertuntur.

168 2423 191 2469 8.
229 2416 280 2468 His
293 2417 376 2469 rebus
387 2417 481 2484 gestis,
492 2417 614 2471 Labieno
626 2419 655 2471 in
670 2419 828 2472 continente
844 2436 904 2472 cum
920 2419 969 2472 tri-

114 2491 165 2544 bus
186 2492 337 2559 legionibus
357 2497 387 2546 ct
406 2493 530 2559 equitum
552 2493 663 2548 milibus
687 2494 794 2548 duobus
817 2495 919 2558 relicto,
938 2499 969 2548 ut

114 2572 210 2634 portus
222 2570 347 2621 tueretur
360 2572 389 2621 et
401 2568 441 2621 rei
457 2569 653 2622 frumentariae
668 2571 827 2639 provideret
843 2587 968 2638 quaeque

114 2643 143 2696 in
154 2643 244 2698 Gallia
254 2647 417 2711 gererentur
429 2649 613 2712 cognosceret,
627 2646 821 2714 consiliumque
834 2663 883 2714 pro
901 2652 968 2698 tem-

113 2736 182 2789 pore
202 2723 230 2773 et
242 2737 291 2787 pro
304 2737 334 2773 re
355 2726 473 2788 caperet,
483 2721 542 2788 ipse
559 2737 620 2774 cum
638 2722 757 2790 quinque
774 2721 924 2788 legionibus
940 2725 968 2775 ct

113 2796 173 2864 pari
195 2812 308 2848 numero
332 2796 456 2865 equitum
478 2812 559 2864 quem
578 2797 606 2850 in
626 2799 776 2851 continenti
796 2797 968 2864 relinquebat

114 2871 178 2924 solis
190 2887 287 2924 occasu
298 2889 381 2926 naves
394 2872 481 2938 solvit,
495 2875 525 2925 et
536 2872 591 2926 leui
605 2873 701 2927 Africo
717 2879 862 2943 provectus
878 2873 968 2926 media

113 2946 223 3000 circiter
246 2950 325 3001 noete
344 2950 425 3002 vento
445 2948 599 3002 intermisso
618 2965 727 3003 cursum
747 2967 802 3004 uon
824 2949 919 3015 tenuit,
938 2952 967 3001 ct

113 3020 219 3090 longius
232 3023 340 3077 delatus
352 3031 430 3078 aestu
446 3026 507 3075 orta
525 3023 585 3077 luce
601 3025 652 3078 sub
669 3026 778 3081 sinistra
797 3024 968 3080 Britanniam

113 3099 234 3152 relictam
247 3100 395 3167 conspexit.
432 3097 500 3150 Tum
513 3115 610 3154 narsus
620 3106 721 3156 aestus
733 3099 996 3152 mmmmm

113 3192 175 3292 sevi]
179 3179 222 3229 tus
234 3176 316 3230 remis
328 3173 476 3233 contendit
485 3179 522 3231 ut
538 3193 606 3250 eam
618 3180 740 3247 partem
750 3171 871 3222 *insumas
885 3168 997 3221 mum
