<?xml version="1.0" encoding="UTF-8"?>
<!DOCTYPE html PUBLIC "-//W3C//DTD XHTML 1.0 Transitional//EN"
    "http://www.w3.org/TR/xhtml1/DTD/xhtml1-transitional.dtd">
<html xmlns="http://www.w3.org/1999/xhtml" xml:lang="en" lang="en">
 <head>
  <title>
</title>
<meta http-equiv="Content-Type" content="text/html;charset=utf-8" />
  <meta name='ocr-system' content='tesseract 3.04.00' />
  <meta name='ocr-capabilities' content='ocr_page ocr_carea ocr_par ocr_line ocrx_word'/>
</head>
<body>
  <div class='ocr_page' id='page_1' title='image "./cjuliicaesarisc00caesgoog_0097.png"; bbox 0 0 2018 3396; ppageno 0'>
   <div class='ocr_carea' id='block_1_1' title="bbox 54 121 650 174">
    <p class='ocr_par' dir='ltr' id='par_1_1' title="bbox 54 121 650 174">
     <span class='ocr_line' id='line_1_1' title="bbox 54 121 650 174; baseline -0.005 0"><span class='ocrx_word' id='word_1_1' title='bbox 54 126 86 174; x_wconf 84' lang='lat'>84</span> <span class='ocrx_word' id='word_1_2' title='bbox 312 123 341 172; x_wconf 79' lang='lat' dir='ltr'>O.</span> <span class='ocrx_word' id='word_1_3' title='bbox 359 123 459 172; x_wconf 81' lang='lat' dir='ltr'><strong>JULII</strong></span> <span class='ocrx_word' id='word_1_4' title='bbox 477 121 650 171; x_wconf 76' lang='lat' dir='ltr'>CAESARIS</span> 
     </span>
    </p>
   </div>
   <div class='ocr_carea' id='block_1_2' title="bbox 14 202 953 3230">
    <p class='ocr_par' dir='ltr' id='par_1_2' title="bbox 53 202 953 1031">
     <span class='ocr_line' id='line_1_2' title="bbox 54 202 912 272; baseline 0 -15"><span class='ocrx_word' id='word_1_5' title='bbox 54 220 149 258; x_wconf 86' lang='lat' dir='ltr'>vorum</span> <span class='ocrx_word' id='word_1_6' title='bbox 162 219 291 272; x_wconf 75' lang='lat' dir='ltr'>magnum</span> <span class='ocrx_word' id='word_1_7' title='bbox 303 219 447 256; x_wconf 88' lang='lat' dir='ltr'>numerum</span> <span class='ocrx_word' id='word_1_8' title='bbox 460 202 587 270; x_wconf 89' lang='lat' dir='ltr'>babebat,</span> <span class='ocrx_word' id='word_1_9' title='bbox 597 207 626 256; x_wconf 88' lang='lat' dir='ltr'>et</span> <span class='ocrx_word' id='word_1_10' title='bbox 638 203 783 257; x_wconf 84' lang='lat' dir='ltr'>nonnullae</span> <span class='ocrx_word' id='word_1_11' title='bbox 793 205 912 271; x_wconf 84' lang='lat' dir='ltr'>tempea-</span> 
     </span>
     <span class='ocr_line' id='line_1_3' title="bbox 53 279 912 348; baseline -0.001 -15"><span class='ocrx_word' id='word_1_12' title='bbox 53 284 113 334; x_wconf 88' lang='lat' dir='ltr'>tate</span> <span class='ocrx_word' id='word_1_13' title='bbox 130 281 304 348; x_wconf 81' lang='lat' dir='ltr'>deperierant</span> <span class='ocrx_word' id='word_1_14' title='bbox 319 295 409 344; x_wconf 86' lang='lat' dir='ltr'>naves,</span> <span class='ocrx_word' id='word_1_15' title='bbox 425 279 531 332; x_wconf 88' lang='lat' dir='ltr'>dnobus</span> <span class='ocrx_word' id='word_1_16' title='bbox 547 280 744 333; x_wconf 81' lang='lat' dir='ltr'><strong>commeatibus</strong></span> <span class='ocrx_word' id='word_1_17' title='bbox 761 281 912 333; x_wconf 81' lang='lat' dir='ltr'>exercitum</span> 
     </span>
     <span class='ocr_line' id='line_1_4' title="bbox 53 355 912 424; baseline 0 -15"><span class='ocrx_word' id='word_1_18' title='bbox 53 362 196 424; x_wconf 77' lang='lat' dir='ltr'>reportare</span> <span class='ocrx_word' id='word_1_19' title='bbox 208 355 335 409; x_wconf 70' lang='lat' dir='ltr'>instituit.</span> <span class='ocrx_word' id='word_1_20' title='bbox 379 359 422 410; x_wconf 88' lang='lat' dir='ltr'>Ac</span> <span class='ocrx_word' id='word_1_21' title='bbox 435 356 472 408; x_wconf 91' lang='lat' dir='ltr'>sic</span> <span class='ocrx_word' id='word_1_22' title='bbox 484 355 583 409; x_wconf 90' lang='lat' dir='ltr'>accidit</span> <span class='ocrx_word' id='word_1_23' title='bbox 599 355 642 408; x_wconf 91' lang='lat' dir='ltr'>uti</span> <span class='ocrx_word' id='word_1_24' title='bbox 659 373 692 410; x_wconf 85' lang='lat' dir='ltr'>ex</span> <span class='ocrx_word' id='word_1_25' title='bbox 708 359 786 409; x_wconf 86' lang='lat' dir='ltr'>tauto</span> <span class='ocrx_word' id='word_1_26' title='bbox 802 357 912 409; x_wconf 84' lang='lat' dir='ltr'>navium</span> 
     </span>
     <span class='ocr_line' id='line_1_5' title="bbox 53 431 912 500; baseline 0.002 -16"><span class='ocrx_word' id='word_1_27' title='bbox 53 448 175 497; x_wconf 72' lang='lat' dir='ltr'>nutriero,</span> <span class='ocrx_word' id='word_1_28' title='bbox 195 435 238 485; x_wconf 88' lang='lat' dir='ltr'>tot</span> <span class='ocrx_word' id='word_1_29' title='bbox 258 431 482 499; x_wconf 80' lang='lat' dir='ltr'>navigationibus,</span> <span class='ocrx_word' id='word_1_30' title='bbox 501 448 590 498; x_wconf 89' lang='lat' dir='ltr'>neque</span> <span class='ocrx_word' id='word_1_31' title='bbox 606 431 658 484; x_wconf 88' lang='lat' dir='ltr'>hoc</span> <span class='ocrx_word' id='word_1_32' title='bbox 670 449 759 500; x_wconf 90' lang='lat' dir='ltr'>nequo</span> <span class='ocrx_word' id='word_1_33' title='bbox 772 432 912 499; x_wconf 89' lang='lat' dir='ltr'>superiore</span> 
     </span>
     <span class='ocr_line' id='line_1_6' title="bbox 54 507 912 577; baseline 0 -17"><span class='ocrx_word' id='word_1_34' title='bbox 54 524 124 560; x_wconf 89' lang='lat' dir='ltr'>anno</span> <span class='ocrx_word' id='word_1_35' title='bbox 144 507 201 560; x_wconf 92' lang='lat' dir='ltr'>ulla</span> <span class='ocrx_word' id='word_1_36' title='bbox 217 509 326 560; x_wconf 90' lang='lat' dir='ltr'>omniuo</span> <span class='ocrx_word' id='word_1_37' title='bbox 343 507 420 560; x_wconf 88' lang='lat' dir='ltr'>navis</span> <span class='ocrx_word' id='word_1_38' title='bbox 433 524 503 577; x_wconf 92' lang='lat' dir='ltr'>quae</span> <span class='ocrx_word' id='word_1_39' title='bbox 515 508 616 560; x_wconf 88' lang='lat' dir='ltr'>milites</span> <span class='ocrx_word' id='word_1_40' title='bbox 632 512 757 575; x_wconf 86' lang='lat' dir='ltr'>portaret</span> <span class='ocrx_word' id='word_1_41' title='bbox 774 508 912 561; x_wconf 83' lang='lat' dir='ltr'>desidera-</span> 
     </span>
     <span class='ocr_line' id='line_1_7' title="bbox 54 583 953 651; baseline 0.001 -15"><span class='ocrx_word' id='word_1_42' title='bbox 54 586 140 651; x_wconf 80' lang='lat' dir='ltr'>retur,</span> <span class='ocrx_word' id='word_1_43' title='bbox 153 586 182 637; x_wconf 92' lang='lat' dir='ltr'>at</span> <span class='ocrx_word' id='word_1_44' title='bbox 194 599 228 636; x_wconf 86' lang='lat' dir='ltr'>ex</span> <span class='ocrx_word' id='word_1_45' title='bbox 241 583 274 636; x_wconf 88' lang='lat' dir='ltr'>iis</span> <span class='ocrx_word' id='word_1_46' title='bbox 287 598 357 651; x_wconf 88' lang='lat' dir='ltr'>qnae</span> <span class='ocrx_word' id='word_1_47' title='bbox 369 583 463 637; x_wconf 88' lang='lat' dir='ltr'>inanes</span> <span class='ocrx_word' id='word_1_48' title='bbox 475 599 510 635; x_wconf 81' lang='lat' dir='ltr'>ex</span> <span class='ocrx_word' id='word_1_49' title='bbox 527 583 678 637; x_wconf 88' lang='lat' dir='ltr'>continenti</span> <span class='ocrx_word' id='word_1_50' title='bbox 691 584 727 636; x_wconf 89' lang='lat' dir='ltr'>ad</span> <span class='ocrx_word' id='word_1_51' title='bbox 740 601 801 637; x_wconf 91' lang='lat' dir='ltr'>enm</span> <span class='ocrx_word' id='word_1_52' title='bbox 819 585 912 637; x_wconf 87' lang='lat' dir='ltr'>remit·</span> <span class='ocrx_word' id='word_1_53' title='bbox 949 616 953 624; x_wconf 92' lang='lat'><em>·</em></span> 
     </span>
     <span class='ocr_line' id='line_1_8' title="bbox 57 657 913 728; baseline 0.002 -16"><span class='ocrx_word' id='word_1_54' title='bbox 57 661 190 724; x_wconf 75' lang='lat' dir='ltr'>tenentur,</span> <span class='ocrx_word' id='word_1_55' title='bbox 204 657 255 728; x_wconf 88' lang='lat' dir='ltr'>[et]</span> <span class='ocrx_word' id='word_1_56' title='bbox 268 659 368 726; x_wconf 88' lang='lat' dir='ltr'>prioris</span> <span class='ocrx_word' id='word_1_57' title='bbox 389 663 556 712; x_wconf 86' lang='lat' dir='ltr'>commeatus</span> <span class='ocrx_word' id='word_1_58' title='bbox 574 661 707 727; x_wconf 70' lang='lat' dir='ltr'>expositis</span> <span class='ocrx_word' id='word_1_59' title='bbox 726 660 865 726; x_wconf 89' lang='lat' dir='ltr'>militibus,</span> <span class='ocrx_word' id='word_1_60' title='bbox 883 663 913 714; x_wconf 89' lang='lat' dir='ltr'>et</span> 
     </span>
     <span class='ocr_line' id='line_1_9' title="bbox 55 734 912 803; baseline 0 -15"><span class='ocrx_word' id='word_1_61' title='bbox 55 751 123 802; x_wconf 67' lang='lat' dir='ltr'>equas</span> <span class='ocrx_word' id='word_1_62' title='bbox 141 737 238 803; x_wconf 89' lang='lat' dir='ltr'>postca</span> <span class='ocrx_word' id='word_1_63' title='bbox 256 734 393 788; x_wconf 89' lang='lat' dir='ltr'>Labienus</span> <span class='ocrx_word' id='word_1_64' title='bbox 411 735 548 788; x_wconf 86' lang='lat' dir='ltr'>faciendus</span> <span class='ocrx_word' id='word_1_65' title='bbox 566 742 710 789; x_wconf 76' lang='lat' dir='ltr'>curaverat</span> <span class='ocrx_word' id='word_1_66' title='bbox 731 751 844 788; x_wconf 87' lang='lat' dir='ltr'>numero</span> <span class='ocrx_word' id='word_1_67' title='bbox 867 751 912 802; x_wconf 81' lang='lat' dir='ltr'>nx,</span> 
     </span>
     <span class='ocr_line' id='line_1_10' title="bbox 53 811 912 879; baseline 0.001 -17"><span class='ocrx_word' id='word_1_68' title='bbox 53 827 205 879; x_wconf 66' lang='lat' dir='ltr'>perpaucae</span> <span class='ocrx_word' id='word_1_69' title='bbox 213 811 302 863; x_wconf 91' lang='lat' dir='ltr'>locum</span> <span class='ocrx_word' id='word_1_70' title='bbox 314 814 452 879; x_wconf 87' lang='lat' dir='ltr'>caperent,</span> <span class='ocrx_word' id='word_1_71' title='bbox 462 811 585 879; x_wconf 86' lang='lat' dir='ltr'>reliquae</span> <span class='ocrx_word' id='word_1_72' title='bbox 597 811 655 864; x_wconf 89' lang='lat' dir='ltr'>lere</span> <span class='ocrx_word' id='word_1_73' title='bbox 665 828 759 865; x_wconf 79' lang='lat' dir='ltr'>purnes</span> <span class='ocrx_word' id='word_1_74' title='bbox 768 811 912 879; x_wconf 89' lang='lat' dir='ltr'>rejiceren-</span> 
     </span>
     <span class='ocr_line' id='line_1_11' title="bbox 54 886 912 954; baseline 0.002 -16"><span class='ocrx_word' id='word_1_75' title='bbox 54 891 110 940; x_wconf 80' lang='lat' dir='ltr'>tur.</span> <span class='ocrx_word' id='word_1_76' title='bbox 143 886 912 954; x_wconf 77' lang='lat' dir='ltr'>QuasquumaliquanrdiuCaesarfrustracxspcctassct,</span> 
     </span>
     <span class='ocr_line' id='line_1_12' title="bbox 53 962 912 1031; baseline 0.002 -18"><span class='ocrx_word' id='word_1_77' title='bbox 53 977 88 1014; x_wconf 88' lang='lat' dir='ltr'>nc</span> <span class='ocrx_word' id='word_1_78' title='bbox 98 962 161 1014; x_wconf 91' lang='lat' dir='ltr'>anni</span> <span class='ocrx_word' id='word_1_79' title='bbox 173 965 297 1029; x_wconf 89' lang='lat' dir='ltr'>tempore</span> <span class='ocrx_word' id='word_1_80' title='bbox 309 978 326 1015; x_wconf 94' lang='lat' dir='ltr'>a</span> <span class='ocrx_word' id='word_1_81' title='bbox 336 963 509 1029; x_wconf 79' lang='lat' dir='ltr'>navigatione</span> <span class='ocrx_word' id='word_1_82' title='bbox 522 962 722 1026; x_wconf 80' lang='lat' dir='ltr'>excluderetur,</span> <span class='ocrx_word' id='word_1_83' title='bbox 734 963 808 1030; x_wconf 90' lang='lat' dir='ltr'>quod</span> <span class='ocrx_word' id='word_1_84' title='bbox 818 964 912 1031; x_wconf 90' lang='lat' dir='ltr'>aequi-</span> 
     </span>
    </p>

    <p class='ocr_par' dir='ltr' id='par_1_3' title="bbox 33 1037 911 1333">
     <span class='ocr_line' id='line_1_13' title="bbox 33 1037 910 1105; baseline 0.002 -17"><span class='ocrx_word' id='word_1_85' title='bbox 33 1037 38 1046; x_wconf 94' lang='lat'>&#39;</span> <span class='ocrx_word' id='word_1_86' title='bbox 53 1038 174 1090; x_wconf 88' lang='lat' dir='ltr'>noctium</span> <span class='ocrx_word' id='word_1_87' title='bbox 187 1038 307 1105; x_wconf 81' lang='lat' dir='ltr'>suberat,</span> <span class='ocrx_word' id='word_1_88' title='bbox 319 1038 470 1091; x_wconf 87' lang='lat' dir='ltr'>necessario</span> <span class='ocrx_word' id='word_1_89' title='bbox 483 1039 625 1105; x_wconf 80' lang='lat' dir='ltr'>angustius</span> <span class='ocrx_word' id='word_1_90' title='bbox 643 1039 745 1102; x_wconf 79' lang='lat' dir='ltr'>milites</span> <span class='ocrx_word' id='word_1_91' title='bbox 761 1039 910 1104; x_wconf 84' lang='lat' dir='ltr'>collocarit,</span> 
     </span>
     <span class='ocr_line' id='line_1_14' title="bbox 54 1113 911 1183; baseline 0.002 -17"><span class='ocrx_word' id='word_1_92' title='bbox 54 1129 87 1166; x_wconf 86' lang='lat' dir='ltr'>ae</span> <span class='ocrx_word' id='word_1_93' title='bbox 102 1130 206 1166; x_wconf 78' lang='lat' dir='ltr'>urnnna</span> <span class='ocrx_word' id='word_1_94' title='bbox 218 1113 418 1183; x_wconf 87' lang='lat' dir='ltr'>tranquillitate</span> <span class='ocrx_word' id='word_1_95' title='bbox 429 1120 582 1181; x_wconf 89' lang='lat' dir='ltr'>consecuta,</span> <span class='ocrx_word' id='word_1_96' title='bbox 595 1114 714 1168; x_wconf 87' lang='lat' dir='ltr'>secunda</span> <span class='ocrx_word' id='word_1_97' title='bbox 726 1113 816 1183; x_wconf 80' lang='lat' dir='ltr'>[inita]</span> <span class='ocrx_word' id='word_1_98' title='bbox 826 1131 911 1182; x_wconf 89' lang='lat' dir='ltr'>quum</span> 
     </span>
     <span class='ocr_line' id='line_1_15' title="bbox 55 1188 911 1258; baseline 0 -15"><span class='ocrx_word' id='word_1_99' title='bbox 55 1188 180 1243; x_wconf 79' lang='lat' dir='ltr'>solvisset</span> <span class='ocrx_word' id='word_1_100' title='bbox 194 1190 292 1257; x_wconf 58' lang='lat' dir='ltr'>agilia,</span> <span class='ocrx_word' id='word_1_101' title='bbox 305 1189 393 1258; x_wconf 88' lang='lat' dir='ltr'>prima</span> <span class='ocrx_word' id='word_1_102' title='bbox 406 1189 466 1243; x_wconf 93' lang='lat' dir='ltr'>luce</span> <span class='ocrx_word' id='word_1_103' title='bbox 481 1194 585 1244; x_wconf 89' lang='lat' dir='ltr'>terram</span> <span class='ocrx_word' id='word_1_104' title='bbox 599 1192 695 1258; x_wconf 80' lang='lat' dir='ltr'>attigit</span> <span class='ocrx_word' id='word_1_105' title='bbox 707 1207 856 1258; x_wconf 89' lang='lat' dir='ltr'>omnesque</span> <span class='ocrx_word' id='word_1_106' title='bbox 871 1191 911 1243; x_wconf 90' lang='lat' dir='ltr'>in-</span> 
     </span>
     <span class='ocr_line' id='line_1_16' title="bbox 53 1265 418 1333; baseline 0.005 -16"><span class='ocrx_word' id='word_1_107' title='bbox 53 1265 175 1320; x_wconf 90' lang='lat' dir='ltr'>columes</span> <span class='ocrx_word' id='word_1_108' title='bbox 190 1283 271 1319; x_wconf 87' lang='lat' dir='ltr'>naves</span> <span class='ocrx_word' id='word_1_109' title='bbox 281 1265 418 1333; x_wconf 80' lang='lat' dir='ltr'>perduxit.</span> 
     </span>
    </p>

    <p class='ocr_par' dir='ltr' id='par_1_4' title="bbox 53 1341 911 2090">
     <span class='ocr_line' id='line_1_17' title="bbox 107 1341 911 1410; baseline 0.001 -16"><span class='ocrx_word' id='word_1_110' title='bbox 107 1347 163 1396; x_wconf 55' lang='lat'>246</span> <span class='ocrx_word' id='word_1_111' title='bbox 184 1343 331 1397; x_wconf 84' lang='lat' dir='ltr'>Subductis</span> <span class='ocrx_word' id='word_1_112' title='bbox 339 1342 453 1395; x_wconf 84' lang='lat' dir='ltr'>naribus</span> <span class='ocrx_word' id='word_1_113' title='bbox 461 1341 629 1410; x_wconf 86' lang='lat' dir='ltr'>concilioque</span> <span class='ocrx_word' id='word_1_114' title='bbox 638 1341 777 1394; x_wconf 84' lang='lat' dir='ltr'>Gallonnn</span> <span class='ocrx_word' id='word_1_115' title='bbox 788 1343 911 1396; x_wconf 79' lang='lat' dir='ltr'>Samaro-</span> 
     </span>
     <span class='ocr_line' id='line_1_18' title="bbox 53 1417 910 1486; baseline 0 -16"><span class='ocrx_word' id='word_1_116' title='bbox 53 1417 148 1471; x_wconf 86' lang='lat' dir='ltr'>brivae</span> <span class='ocrx_word' id='word_1_117' title='bbox 158 1424 275 1486; x_wconf 84' lang='lat' dir='ltr'>peraeto,</span> <span class='ocrx_word' id='word_1_118' title='bbox 288 1417 362 1486; x_wconf 88' lang='lat' dir='ltr'>quod</span> <span class='ocrx_word' id='word_1_119' title='bbox 374 1434 407 1471; x_wconf 88' lang='lat' dir='ltr'>eo</span> <span class='ocrx_word' id='word_1_120' title='bbox 419 1435 489 1470; x_wconf 90' lang='lat' dir='ltr'>anuo</span> <span class='ocrx_word' id='word_1_121' title='bbox 502 1418 670 1470; x_wconf 80' lang='lat' dir='ltr'>trumentum</span> <span class='ocrx_word' id='word_1_122' title='bbox 682 1417 710 1469; x_wconf 91' lang='lat' dir='ltr'>in</span> <span class='ocrx_word' id='word_1_123' title='bbox 727 1417 815 1470; x_wconf 82' lang='lat' dir='ltr'>Gallia</span> <span class='ocrx_word' id='word_1_124' title='bbox 829 1434 910 1486; x_wconf 78' lang='lat' dir='ltr'>prop</span> 
     </span>
     <span class='ocr_line' id='line_1_19' title="bbox 53 1493 911 1562; baseline -0.002 -14"><span class='ocrx_word' id='word_1_125' title='bbox 53 1498 99 1548; x_wconf 84' lang='lat' dir='ltr'>tor</span> <span class='ocrx_word' id='word_1_126' title='bbox 110 1493 247 1548; x_wconf 80' lang='lat' dir='ltr'>siccitates</span> <span class='ocrx_word' id='word_1_127' title='bbox 259 1495 401 1562; x_wconf 82' lang='lat' dir='ltr'>angustius</span> <span class='ocrx_word' id='word_1_128' title='bbox 414 1497 584 1560; x_wconf 76' lang='lat' dir='ltr'>provenerat,</span> <span class='ocrx_word' id='word_1_129' title='bbox 596 1498 706 1546; x_wconf 85' lang='lat' dir='ltr'>coactus</span> <span class='ocrx_word' id='word_1_130' title='bbox 722 1499 765 1546; x_wconf 89' lang='lat' dir='ltr'>est</span> <span class='ocrx_word' id='word_1_131' title='bbox 782 1494 863 1546; x_wconf 86' lang='lat' dir='ltr'>aliter</span> <span class='ocrx_word' id='word_1_132' title='bbox 878 1510 911 1547; x_wconf 91' lang='lat' dir='ltr'>ae</span> 
     </span>
     <span class='ocr_line' id='line_1_20' title="bbox 54 1568 911 1638; baseline 0.002 -17"><span class='ocrx_word' id='word_1_133' title='bbox 54 1569 240 1638; x_wconf 76' lang='lat' dir='ltr'>superioribus</span> <span class='ocrx_word' id='word_1_134' title='bbox 251 1570 329 1622; x_wconf 86' lang='lat' dir='ltr'>annis</span> <span class='ocrx_word' id='word_1_135' title='bbox 341 1570 492 1622; x_wconf 86' lang='lat' dir='ltr'>exercitum</span> <span class='ocrx_word' id='word_1_136' title='bbox 504 1569 662 1622; x_wconf 74' lang='lat' dir='ltr'>inhibentis</span> <span class='ocrx_word' id='word_1_137' title='bbox 679 1568 810 1622; x_wconf 90' lang='lat' dir='ltr'>collocare</span> <span class='ocrx_word' id='word_1_138' title='bbox 828 1569 911 1637; x_wconf 85' lang='lat' dir='ltr'>legio-</span> 
     </span>
     <span class='ocr_line' id='line_1_21' title="bbox 53 1644 909 1714; baseline 0.002 -17"><span class='ocrx_word' id='word_1_139' title='bbox 53 1662 155 1714; x_wconf 76' lang='lat' dir='ltr'>nesque</span> <span class='ocrx_word' id='word_1_140' title='bbox 164 1646 193 1699; x_wconf 90' lang='lat' dir='ltr'>in</span> <span class='ocrx_word' id='word_1_141' title='bbox 201 1645 427 1714; x_wconf 84' lang='lat' dir='ltr'>plnrescivitates</span> <span class='ocrx_word' id='word_1_142' title='bbox 436 1645 616 1698; x_wconf 90' lang='lat' dir='ltr'>distribuere:</span> <span class='ocrx_word' id='word_1_143' title='bbox 628 1661 663 1698; x_wconf 86' lang='lat' dir='ltr'>ex</span> <span class='ocrx_word' id='word_1_144' title='bbox 675 1644 775 1713; x_wconf 87' lang='lat' dir='ltr'>quibus</span> <span class='ocrx_word' id='word_1_145' title='bbox 787 1662 869 1698; x_wconf 91' lang='lat' dir='ltr'>unam</span> <span class='ocrx_word' id='word_1_146' title='bbox 881 1646 909 1699; x_wconf 92' lang='lat' dir='ltr'>in</span> 
     </span>
     <span class='ocr_line' id='line_1_22' title="bbox 54 1719 910 1787; baseline 0.002 -14"><span class='ocrx_word' id='word_1_147' title='bbox 54 1721 346 1775; x_wconf 68' lang='lat' dir='ltr'>ator-nrosducenuam</span> <span class='ocrx_word' id='word_1_148' title='bbox 367 1721 397 1775; x_wconf 84' lang='lat' dir='ltr'>C.</span> <span class='ocrx_word' id='word_1_149' title='bbox 419 1720 504 1773; x_wconf 84' lang='lat' dir='ltr'>Fabio</span> <span class='ocrx_word' id='word_1_150' title='bbox 522 1720 615 1787; x_wconf 79' lang='lat' dir='ltr'>legato</span> <span class='ocrx_word' id='word_1_151' title='bbox 633 1719 726 1784; x_wconf 89' lang='lat' dir='ltr'>dedit;</span> <span class='ocrx_word' id='word_1_152' title='bbox 746 1720 861 1774; x_wconf 88' lang='lat' dir='ltr'>alteram</span> <span class='ocrx_word' id='word_1_153' title='bbox 881 1723 910 1775; x_wconf 93' lang='lat' dir='ltr'>in</span> 
     </span>
     <span class='ocr_line' id='line_1_23' title="bbox 55 1796 909 1864; baseline 0 -14"><span class='ocrx_word' id='word_1_154' title='bbox 55 1797 171 1850; x_wconf 74' lang='lat' dir='ltr'>Llcrvios</span> <span class='ocrx_word' id='word_1_155' title='bbox 184 1797 215 1861; x_wconf 79' lang='lat' dir='ltr'>Q.</span> <span class='ocrx_word' id='word_1_156' title='bbox 228 1797 366 1861; x_wconf 80' lang='lat' dir='ltr'>Ciceroni3</span> <span class='ocrx_word' id='word_1_157' title='bbox 379 1797 491 1850; x_wconf 90' lang='lat' dir='ltr'>tertiam</span> <span class='ocrx_word' id='word_1_158' title='bbox 502 1796 530 1848; x_wconf 91' lang='lat' dir='ltr'>in</span> <span class='ocrx_word' id='word_1_159' title='bbox 544 1797 646 1849; x_wconf 77' lang='lat' dir='ltr'>ldssuos</span> <span class='ocrx_word' id='word_1_160' title='bbox 659 1796 689 1848; x_wconf 78' lang='lat' dir='ltr'>Il.</span> <span class='ocrx_word' id='word_1_161' title='bbox 703 1796 817 1860; x_wconf 77' lang='lat' dir='ltr'>Roscio3</span> <span class='ocrx_word' id='word_1_162' title='bbox 829 1814 909 1864; x_wconf 89' lang='lat' dir='ltr'>quar-</span> 
     </span>
     <span class='ocr_line' id='line_1_24' title="bbox 53 1867 909 1927; baseline 0.005 -4"><span class='ocrx_word' id='word_1_163' title='bbox 53 1876 110 1924; x_wconf 82' lang='lat' dir='ltr'>tam</span> <span class='ocrx_word' id='word_1_164' title='bbox 130 1873 158 1924; x_wconf 93' lang='lat' dir='ltr'>in</span> <span class='ocrx_word' id='word_1_165' title='bbox 175 1873 270 1926; x_wconf 81' lang='lat' dir='ltr'>Remis</span> <span class='ocrx_word' id='word_1_166' title='bbox 285 1889 346 1926; x_wconf 83' lang='lat' dir='ltr'>cunr</span> <span class='ocrx_word' id='word_1_167' title='bbox 366 1873 394 1925; x_wconf 79' lang='grc' dir='ltr'>Τ.</span> <span class='ocrx_word' id='word_1_168' title='bbox 416 1872 536 1925; x_wconf 88' lang='lat' dir='ltr'>Labieno</span> <span class='ocrx_word' id='word_1_169' title='bbox 555 1872 583 1925; x_wconf 93' lang='lat' dir='ltr'>in</span> <span class='ocrx_word' id='word_1_170' title='bbox 601 1867 717 1925; x_wconf 83' lang='lat' dir='ltr'>contiuo</span> <span class='ocrx_word' id='word_1_171' title='bbox 736 1872 909 1927; x_wconf 81' lang='lat' dir='ltr'>Trevirorum</span> 
     </span>
     <span class='ocr_line' id='line_1_25' title="bbox 54 1947 908 2021; baseline 0.004 -22"><span class='ocrx_word' id='word_1_172' title='bbox 54 1947 174 2001; x_wconf 69' lang='lat' dir='ltr'>lrierrrare</span> <span class='ocrx_word' id='word_1_173' title='bbox 183 1948 268 2015; x_wconf 90' lang='lat' dir='ltr'>jussit</span> <span class='ocrx_word' id='word_1_174' title='bbox 275 1969 282 2014; x_wconf 93' lang='lat'>;</span> <span class='ocrx_word' id='word_1_175' title='bbox 294 1952 352 2002; x_wconf 87' lang='lat' dir='ltr'>tres</span> <span class='ocrx_word' id='word_1_176' title='bbox 363 1949 391 2021; x_wconf 86' lang='lat' dir='ltr'>in</span> <span class='ocrx_word' id='word_1_177' title='bbox 404 1948 498 2016; x_wconf 86' lang='lat' dir='ltr'>Belgis</span> <span class='ocrx_word' id='word_1_178' title='bbox 505 1947 660 2002; x_wconf 85' lang='lat' dir='ltr'>collocavit:</span> <span class='ocrx_word' id='word_1_179' title='bbox 680 1947 723 2000; x_wconf 86' lang='lat' dir='ltr'>lris</span> <span class='ocrx_word' id='word_1_180' title='bbox 732 1948 769 2001; x_wconf 84' lang='lat' dir='ltr'>M.</span> <span class='ocrx_word' id='word_1_181' title='bbox 779 1947 908 2003; x_wconf 81' lang='lat' dir='ltr'>Crassum</span> 
     </span>
     <span class='ocr_line' id='line_1_26' title="bbox 55 2024 908 2090; baseline 0.007 -18"><span class='ocrx_word' id='word_1_182' title='bbox 55 2027 226 2090; x_wconf 77' lang='lat' dir='ltr'>quaestorem</span> <span class='ocrx_word' id='word_1_183' title='bbox 242 2028 272 2078; x_wconf 89' lang='lat' dir='ltr'>ct</span> <span class='ocrx_word' id='word_1_184' title='bbox 289 2025 320 2078; x_wconf 88' lang='lat' dir='ltr'>L.</span> <span class='ocrx_word' id='word_1_185' title='bbox 332 2024 489 2078; x_wconf 89' lang='lat' dir='ltr'>Munatium</span> <span class='ocrx_word' id='word_1_186' title='bbox 502 2025 629 2077; x_wconf 90' lang='lat' dir='ltr'>Plancum</span> <span class='ocrx_word' id='word_1_187' title='bbox 647 2028 677 2077; x_wconf 91' lang='lat' dir='ltr'>et</span> <span class='ocrx_word' id='word_1_188' title='bbox 693 2024 722 2077; x_wconf 82' lang='lat' dir='ltr'>C.</span> <span class='ocrx_word' id='word_1_189' title='bbox 743 2024 908 2078; x_wconf 85' lang='lat' dir='ltr'>Trebonium</span> 
     </span>
    </p>

    <p class='ocr_par' dir='ltr' id='par_1_5' title="bbox 14 2099 909 3075">
     <span class='ocr_line' id='line_1_27' title="bbox 14 2099 909 2169; baseline 0.001 -16"><span class='ocrx_word' id='word_1_190' title='bbox 14 2140 29 2154; x_wconf 47' lang='grc' dir='ltr'><em>η</em></span> <span class='ocrx_word' id='word_1_191' title='bbox 53 2099 159 2166; x_wconf 82' lang='lat' dir='ltr'>legatos</span> <span class='ocrx_word' id='word_1_192' title='bbox 171 2100 310 2167; x_wconf 88' lang='lat' dir='ltr'>praefecit.</span> <span class='ocrx_word' id='word_1_193' title='bbox 348 2100 436 2153; x_wconf 88' lang='lat' dir='ltr'>Unam</span> <span class='ocrx_word' id='word_1_194' title='bbox 447 2100 588 2168; x_wconf 76' lang='lat' dir='ltr'>legionem,</span> <span class='ocrx_word' id='word_1_195' title='bbox 601 2116 684 2169; x_wconf 89' lang='lat' dir='ltr'>quarn</span> <span class='ocrx_word' id='word_1_196' title='bbox 696 2101 819 2168; x_wconf 86' lang='lat' dir='ltr'>proxime</span> <span class='ocrx_word' id='word_1_197' title='bbox 831 2105 909 2154; x_wconf 86' lang='lat' dir='ltr'>trans</span> 
     </span>
     <span class='ocr_line' id='line_1_28' title="bbox 56 2169 908 2245; baseline 0.002 -18"><span class='ocrx_word' id='word_1_198' title='bbox 56 2169 160 2227; x_wconf 87' lang='lat' dir='ltr'>Padurn</span> <span class='ocrx_word' id='word_1_199' title='bbox 173 2175 378 2243; x_wconf 79' lang='lat' dir='ltr'>conscripserat,</span> <span class='ocrx_word' id='word_1_200' title='bbox 392 2180 419 2229; x_wconf 88' lang='lat' dir='ltr'>et</span> <span class='ocrx_word' id='word_1_201' title='bbox 432 2177 558 2230; x_wconf 88' lang='lat' dir='ltr'>cohortes</span> <span class='ocrx_word' id='word_1_202' title='bbox 575 2178 696 2245; x_wconf 87' lang='lat' dir='ltr'>quinque</span> <span class='ocrx_word' id='word_1_203' title='bbox 713 2177 740 2228; x_wconf 94' lang='lat' dir='ltr'>in</span> <span class='ocrx_word' id='word_1_204' title='bbox 760 2177 908 2242; x_wconf 86' lang='lat' dir='ltr'>llbnroncs,</span> 
     </span>
     <span class='ocr_line' id='line_1_29' title="bbox 54 2251 907 2321; baseline 0.007 -20"><span class='ocrx_word' id='word_1_205' title='bbox 54 2266 169 2317; x_wconf 91' lang='lat' dir='ltr'>quorum</span> <span class='ocrx_word' id='word_1_206' title='bbox 182 2267 245 2318; x_wconf 89' lang='lat' dir='ltr'>pars</span> <span class='ocrx_word' id='word_1_207' title='bbox 257 2251 376 2304; x_wconf 83' lang='lat' dir='ltr'>maxima</span> <span class='ocrx_word' id='word_1_208' title='bbox 387 2255 430 2304; x_wconf 87' lang='lat' dir='ltr'>cst</span> <span class='ocrx_word' id='word_1_209' title='bbox 447 2253 520 2305; x_wconf 88' lang='lat' dir='ltr'>inter</span> <span class='ocrx_word' id='word_1_210' title='bbox 536 2253 642 2306; x_wconf 90' lang='lat' dir='ltr'>Mosam</span> <span class='ocrx_word' id='word_1_211' title='bbox 660 2269 693 2306; x_wconf 85' lang='lat' dir='ltr'>ac</span> <span class='ocrx_word' id='word_1_212' title='bbox 709 2252 845 2319; x_wconf 80' lang='lat' dir='ltr'>Rhenum,</span> <span class='ocrx_word' id='word_1_213' title='bbox 861 2255 907 2321; x_wconf 90' lang='lat' dir='ltr'>qui</span> 
     </span>
     <span class='ocr_line' id='line_1_30' title="bbox 54 2325 909 2394; baseline 0.004 -15"><span class='ocrx_word' id='word_1_214' title='bbox 54 2325 105 2379; x_wconf 90' lang='lat' dir='ltr'>sub</span> <span class='ocrx_word' id='word_1_215' title='bbox 123 2326 238 2394; x_wconf 89' lang='lat' dir='ltr'>imperio</span> <span class='ocrx_word' id='word_1_216' title='bbox 255 2326 423 2394; x_wconf 79' lang='lat' dir='ltr'>Ambiorigis</span> <span class='ocrx_word' id='word_1_217' title='bbox 440 2333 469 2380; x_wconf 89' lang='lat' dir='ltr'>et</span> <span class='ocrx_word' id='word_1_218' title='bbox 486 2327 617 2382; x_wconf 81' lang='lat' dir='ltr'>Catirolci</span> <span class='ocrx_word' id='word_1_219' title='bbox 633 2332 720 2394; x_wconf 88' lang='lat' dir='ltr'>erant,</span> <span class='ocrx_word' id='word_1_220' title='bbox 735 2329 817 2382; x_wconf 81' lang='lat' dir='ltr'>rnisit.</span> <span class='ocrx_word' id='word_1_221' title='bbox 856 2330 909 2382; x_wconf 86' lang='lat' dir='ltr'>llis</span> 
     </span>
     <span class='ocr_line' id='line_1_31' title="bbox 53 2401 907 2467; baseline 0.004 -12"><span class='ocrx_word' id='word_1_222' title='bbox 53 2401 185 2455; x_wconf 87' lang='lat' dir='ltr'>militibus</span> <span class='ocrx_word' id='word_1_223' title='bbox 210 2402 241 2467; x_wconf 79' lang='lat' dir='ltr'>Q.</span> <span class='ocrx_word' id='word_1_224' title='bbox 266 2402 401 2455; x_wconf 84' lang='lat' dir='ltr'>Titurium</span> <span class='ocrx_word' id='word_1_225' title='bbox 426 2403 558 2457; x_wconf 71' lang='lat' dir='ltr'>Sabimrm</span> <span class='ocrx_word' id='word_1_226' title='bbox 583 2407 612 2457; x_wconf 91' lang='lat' dir='ltr'>et</span> <span class='ocrx_word' id='word_1_227' title='bbox 636 2403 667 2456; x_wconf 87' lang='lat' dir='ltr'>L.</span> <span class='ocrx_word' id='word_1_228' title='bbox 691 2404 907 2458; x_wconf 82' lang='lat' dir='ltr'>Aurunculeium</span> 
     </span>
     <span class='ocr_line' id='line_1_32' title="bbox 54 2477 908 2546; baseline 0.005 -16"><span class='ocrx_word' id='word_1_229' title='bbox 54 2478 164 2531; x_wconf 79' lang='lat' dir='ltr'>Cottam</span> <span class='ocrx_word' id='word_1_230' title='bbox 176 2477 282 2545; x_wconf 82' lang='lat' dir='ltr'>legatos</span> <span class='ocrx_word' id='word_1_231' title='bbox 292 2495 420 2546; x_wconf 88' lang='lat' dir='ltr'>praeesse</span> <span class='ocrx_word' id='word_1_232' title='bbox 428 2479 520 2546; x_wconf 84' lang='lat' dir='ltr'>jussit.</span> <span class='ocrx_word' id='word_1_233' title='bbox 551 2479 604 2534; x_wconf 77' lang='lat' dir='ltr'>‘Ad</span> <span class='ocrx_word' id='word_1_234' title='bbox 615 2479 687 2532; x_wconf 88' lang='lat' dir='ltr'>hunc</span> <span class='ocrx_word' id='word_1_235' title='bbox 696 2480 806 2533; x_wconf 88' lang='lat' dir='ltr'>modurn</span> <span class='ocrx_word' id='word_1_236' title='bbox 817 2480 908 2534; x_wconf 87' lang='lat' dir='ltr'>distri-</span> 
     </span>
     <span class='ocr_line' id='line_1_33' title="bbox 54 2553 907 2624; baseline 0.007 -21"><span class='ocrx_word' id='word_1_237' title='bbox 54 2553 291 2623; x_wconf 82' lang='lat' dir='ltr'>butislegi&#39;onibus</span> <span class='ocrx_word' id='word_1_238' title='bbox 303 2555 430 2608; x_wconf 85' lang='lat' dir='ltr'>facillime</span> <span class='ocrx_word' id='word_1_239' title='bbox 442 2556 550 2624; x_wconf 79' lang='lat' dir='ltr'>inopiae</span> <span class='ocrx_word' id='word_1_240' title='bbox 562 2556 759 2609; x_wconf 87' lang='lat' dir='ltr'>frumentariae</span> <span class='ocrx_word' id='word_1_241' title='bbox 775 2572 835 2609; x_wconf 89' lang='lat' dir='ltr'>sese</span> <span class='ocrx_word' id='word_1_242' title='bbox 851 2570 907 2610; x_wconf 73' lang='lat' dir='ltr'>rne&#39;</span> 
     </span>
     <span class='ocr_line' id='line_1_34' title="bbox 54 2628 907 2700; baseline 0.006 -21"><span class='ocrx_word' id='word_1_243' title='bbox 54 2628 114 2680; x_wconf 86' lang='lat' dir='ltr'>dori</span> <span class='ocrx_word' id='word_1_244' title='bbox 138 2646 217 2696; x_wconf 87' lang='lat' dir='ltr'>posse</span> <span class='ocrx_word' id='word_1_245' title='bbox 241 2630 421 2685; x_wconf 83' lang='lat' dir='ltr'>existimavit:</span> <span class='ocrx_word' id='word_1_246' title='bbox 445 2636 528 2700; x_wconf 87' lang='lat' dir='ltr'>atque</span> <span class='ocrx_word' id='word_1_247' title='bbox 551 2632 648 2685; x_wconf 88' lang='lat' dir='ltr'>barum</span> <span class='ocrx_word' id='word_1_248' title='bbox 672 2636 763 2685; x_wconf 89' lang='lat' dir='ltr'>tamen</span> <span class='ocrx_word' id='word_1_249' title='bbox 786 2633 907 2686; x_wconf 89' lang='lat' dir='ltr'>emnium</span> 
     </span>
     <span class='ocr_line' id='line_1_35' title="bbox 53 2703 907 2776; baseline 0.004 -18"><span class='ocrx_word' id='word_1_250' title='bbox 53 2703 190 2771; x_wconf 82' lang='lat' dir='ltr'>legionmu</span> <span class='ocrx_word' id='word_1_251' title='bbox 205 2706 327 2773; x_wconf 87' lang='lat' dir='ltr'>hiberna,</span> <span class='ocrx_word' id='word_1_252' title='bbox 339 2709 451 2774; x_wconf 85' lang='lat' dir='ltr'>praeter</span> <span class='ocrx_word' id='word_1_253' title='bbox 463 2724 522 2761; x_wconf 91' lang='lat' dir='ltr'>eam</span> <span class='ocrx_word' id='word_1_254' title='bbox 535 2725 616 2776; x_wconf 86' lang='lat' dir='ltr'>quarn</span> <span class='ocrx_word' id='word_1_255' title='bbox 633 2708 660 2760; x_wconf 82' lang='lat' dir='ltr'>b.</span> <span class='ocrx_word' id='word_1_256' title='bbox 675 2707 772 2760; x_wconf 85' lang='lat' dir='ltr'>Roscio</span> <span class='ocrx_word' id='word_1_257' title='bbox 784 2708 812 2760; x_wconf 90' lang='lat' dir='ltr'>in</span> <span class='ocrx_word' id='word_1_258' title='bbox 828 2723 907 2775; x_wconf 73' lang='lat' dir='ltr'>parea·</span> 
     </span>
     <span class='ocr_line' id='line_1_36' title="bbox 54 2780 908 2852; baseline 0.007 -20"><span class='ocrx_word' id='word_1_259' title='bbox 54 2780 187 2833; x_wconf 85' lang='lat' dir='ltr'>tissimum</span> <span class='ocrx_word' id='word_1_260' title='bbox 202 2786 232 2836; x_wconf 92' lang='lat' dir='ltr'>et</span> <span class='ocrx_word' id='word_1_261' title='bbox 252 2782 451 2852; x_wconf 86' lang='lat' dir='ltr'>quietissimam</span> <span class='ocrx_word' id='word_1_262' title='bbox 475 2787 581 2852; x_wconf 89' lang='lat' dir='ltr'>partem</span> <span class='ocrx_word' id='word_1_263' title='bbox 606 2784 759 2837; x_wconf 89' lang='lat' dir='ltr'>ducendam</span> <span class='ocrx_word' id='word_1_264' title='bbox 783 2784 908 2852; x_wconf 87' lang='lat' dir='ltr'>dederat,</span> 
     </span>
     <span class='ocr_line' id='line_1_37' title="bbox 53 2856 907 2928; baseline 0.006 -20"><span class='ocrx_word' id='word_1_265' title='bbox 53 2856 163 2909; x_wconf 88' lang='lat' dir='ltr'>milibus</span> <span class='ocrx_word' id='word_1_266' title='bbox 181 2873 308 2925; x_wconf 84' lang='lat' dir='ltr'>passuum</span> <span class='ocrx_word' id='word_1_267' title='bbox 328 2862 438 2928; x_wconf 86' lang='lat' dir='ltr'>ceptum</span> <span class='ocrx_word' id='word_1_268' title='bbox 457 2859 673 2914; x_wconf 87' lang='lat' dir='ltr'>continebantur.</span> <span class='ocrx_word' id='word_1_269' title='bbox 711 2860 775 2927; x_wconf 89' lang='lat' dir='ltr'>lpse</span> <span class='ocrx_word' id='word_1_270' title='bbox 793 2861 907 2928; x_wconf 88' lang='lat' dir='ltr'>interea,</span> 
     </span>
     <span class='ocr_line' id='line_1_38' title="bbox 54 2932 907 3004; baseline 0.007 -20"><span class='ocrx_word' id='word_1_271' title='bbox 54 2932 145 2999; x_wconf 86' lang='lat' dir='ltr'>quoad</span> <span class='ocrx_word' id='word_1_272' title='bbox 156 2933 276 3000; x_wconf 85' lang='lat' dir='ltr'>legiones</span> <span class='ocrx_word' id='word_1_273' title='bbox 288 2934 447 2988; x_wconf 89' lang='lat' dir='ltr'>collocasset</span> <span class='ocrx_word' id='word_1_274' title='bbox 462 2935 623 3004; x_wconf 86' lang='lat' dir='ltr'>munitaque</span> <span class='ocrx_word' id='word_1_275' title='bbox 639 2935 754 2989; x_wconf 88' lang='lat' dir='ltr'>hiberna</span> <span class='ocrx_word' id='word_1_276' title='bbox 769 2935 907 3004; x_wconf 82' lang='lat' dir='ltr'>cognovis-</span> 
     </span>
     <span class='ocr_line' id='line_1_39' title="bbox 54 3008 517 3075; baseline 0.006 -15"><span class='ocrx_word' id='word_1_277' title='bbox 54 3012 104 3075; x_wconf 88' lang='lat' dir='ltr'>set,</span> <span class='ocrx_word' id='word_1_278' title='bbox 114 3008 142 3061; x_wconf 88' lang='lat' dir='ltr'>in</span> <span class='ocrx_word' id='word_1_279' title='bbox 156 3009 244 3062; x_wconf 88' lang='lat' dir='ltr'>Gallia</span> <span class='ocrx_word' id='word_1_280' title='bbox 255 3011 355 3063; x_wconf 87' lang='lat' dir='ltr'>morari</span> <span class='ocrx_word' id='word_1_281' title='bbox 367 3010 517 3064; x_wconf 86' lang='lat' dir='ltr'>constituit.</span> 
     </span>
    </p>

    <p class='ocr_par' dir='ltr' id='par_1_6' title="bbox 45 3084 907 3230">
     <span class='ocr_line' id='line_1_40' title="bbox 105 3084 905 3156; baseline 0.009 -20"><span class='ocrx_word' id='word_1_282' title='bbox 105 3091 145 3137; x_wconf 77' lang='lat'>25.</span> <span class='ocrx_word' id='word_1_283' title='bbox 184 3085 251 3138; x_wconf 87' lang='lat' dir='ltr'>Erat</span> <span class='ocrx_word' id='word_1_284' title='bbox 262 3084 289 3137; x_wconf 90' lang='lat' dir='ltr'>in</span> <span class='ocrx_word' id='word_1_285' title='bbox 304 3085 469 3138; x_wconf 81' lang='lat' dir='ltr'>Carnutibus</span> <span class='ocrx_word' id='word_1_286' title='bbox 482 3102 587 3138; x_wconf 88' lang='lat' dir='ltr'>summo</span> <span class='ocrx_word' id='word_1_287' title='bbox 596 3087 654 3140; x_wconf 92' lang='lat' dir='ltr'>loeo</span> <span class='ocrx_word' id='word_1_288' title='bbox 664 3090 744 3141; x_wconf 87' lang='lat' dir='ltr'>natus</span> <span class='ocrx_word' id='word_1_289' title='bbox 754 3087 905 3156; x_wconf 84' lang='lat' dir='ltr'>Tasgetius,</span> 
     </span>
     <span class='ocr_line' id='line_1_41' title="bbox 45 3157 907 3230; baseline 0.014 -23"><span class='ocrx_word' id='word_1_290' title='bbox 45 3157 127 3220; x_wconf 62' lang='lat' dir='ltr'>ausus</span> <span class='ocrx_word' id='word_1_291' title='bbox 135 3160 258 3226; x_wconf 83' lang='lat' dir='ltr'>majores</span> <span class='ocrx_word' id='word_1_292' title='bbox 267 3159 297 3213; x_wconf 87' lang='lat' dir='ltr'>in</span> <span class='ocrx_word' id='word_1_293' title='bbox 308 3176 359 3214; x_wconf 85' lang='lat' dir='ltr'>sua</span> <span class='ocrx_word' id='word_1_294' title='bbox 368 3161 481 3216; x_wconf 80' lang='lat' dir='ltr'>ciuitate</span> <span class='ocrx_word' id='word_1_295' title='bbox 491 3177 605 3230; x_wconf 82' lang='lat' dir='ltr'>regnum</span> <span class='ocrx_word' id='word_1_296' title='bbox 615 3162 798 3217; x_wconf 83' lang='lat' dir='ltr'>obtinuerant.</span> <span class='ocrx_word' id='word_1_297' title='bbox 833 3165 907 3220; x_wconf 80' lang='lat' dir='ltr'>Huic</span> 
     </span>
    </p>
   </div>
   <div class='ocr_carea' id='block_1_3' title="bbox 0 0 1014 3396">
    <p class='ocr_par' dir='ltr' id='par_1_7' title="bbox 0 0 1014 3396">
     <span class='ocr_line' id='line_1_42' title="bbox 0 0 1014 3396; baseline 0 0"><span class='ocrx_word' id='word_1_298' title='bbox 0 0 1014 3396; x_wconf 95' lang='lat' dir='ltr'> </span> 
     </span>
    </p>
   </div>
  </div>
 </body>
</html>
