2018 3396
76 123 123 173 132
341 128 369 176 O.
388 127 406 175 J
410 126 488 176 ULII
505 126 677 175 CAESARIS

76 204 197 259 hostium
209 223 297 276 paene
310 207 490 275 contingeret,
509 211 538 263 et
556 207 659 262 Cacsar
675 207 711 261 ad
729 223 798 276 opus
815 223 931 262 consuc-

75 281 330 338 tudineexcubaret
337 283 494 352 militesque
503 285 700 350 cohortaretur,
709 301 744 337 ne
759 284 833 352 quod
843 285 931 337 omni-

75 373 111 411 no
124 362 233 427 tempus
245 360 280 413 ab
290 377 372 428 opere
387 359 625 427 intermitteretur,
641 359 731 428 paullo
740 364 805 413 ante
817 360 931 414 tertiam

76 433 196 500 vigiliam
208 439 252 489 cst
264 436 483 490 animadversum
495 435 601 489 fumare
612 452 741 503 aggerem
757 452 840 503 quem
855 436 931 489 cuni-

76 510 137 562 culo
167 509 261 565 hostes
292 511 504 566 succenderant:
531 511 682 579 codemque
712 514 838 579 tempore
868 514 930 565 toto

76 602 154 638 muro
174 586 292 641 clamore
312 587 419 641 sublato
435 588 541 640 duabus
555 588 642 656 portis
657 587 692 642 ab
709 591 827 656 utroque
841 587 930 641 latere

76 662 194 716 turrium
211 664 319 732 emptio
336 663 427 718 fiebat
465 664 522 717 Alii
541 663 613 717 iaces
625 668 710 732 atque
722 663 826 717 aridam
843 666 930 717 matc-

77 738 146 792 ricm
159 739 194 793 de
207 756 285 794 muro
296 741 324 793 in
336 732 464 808 aggerem
476 740 582 794 eminus
594 739 742 808 jaciebant,
760 740 848 809 picem
867 739 931 792 reli-

77 832 200 884 quasque
216 832 262 869 res
279 815 378 885 quibus
394 816 464 883 ignis
481 815 595 870 excitari
612 819 706 885 potest
723 814 884 882 fundebant,
897 817 931 868 ut
954 818 960 829 '

77 908 131 960 quo
146 891 264 959 primum
279 895 469 946 occurreretur
482 895 530 946 aut
545 892 589 946 cni
605 891 646 945 rei
662 892 784 945 ferretur
797 891 929 944 auxilium

77 967 123 1019 vii
139 967 209 1021 ratio
227 967 290 1021 iniri
308 972 408 1036 posset.
445 968 554 1034 Tamen,
568 967 642 1036 quod
659 968 786 1021 instituto
805 967 930 1021 Caesaris

78 1043 149 1097 duae
161 1061 269 1112 semper
282 1045 403 1112 legiones
414 1061 465 1113 pro
477 1044 573 1099 castris
586 1044 766 1111 excubabant,
781 1043 930 1112 pluresque

77 1119 187 1188 partitis
200 1120 370 1189 temporibus
383 1124 462 1174 erant
474 1120 502 1172 in
514 1137 606 1189 opere,
619 1120 748 1174 celeriter
765 1121 868 1172 factum
886 1122 931 1173 est

78 1199 110 1251 ut
131 1196 176 1249 alii
194 1197 383 1264 eruptionibus
404 1196 573 1262 resisterent,
595 1196 640 1248 alii
659 1199 751 1250 turres
766 1195 931 1248 reducerent

79 1288 262 1339 aggeremque
278 1273 516 1338 interscinderont,
529 1272 617 1325 omnis
628 1288 694 1325 vero
706 1289 740 1326 ex
753 1271 850 1324 castris
861 1270 931 1322 mul-

79 1347 171 1401 titudo
184 1349 220 1402 ad
234 1348 460 1417 restinguendrmr
476 1350 659 1401 concurreret

131 1429 173 1478 25.
209 1424 299 1488 Quum
311 1425 339 1478 in
352 1424 477 1477 omnibus
492 1422 558 1477 locis
572 1412 733 1492 samuhrpta
747 1422 808 1490 jam
822 1422 932 1490 reliqua

79 1503 159 1569 parte
174 1501 262 1554 noctis
279 1504 455 1569 pugnaretur,
474 1516 636 1568 semperque
653 1499 778 1552 hostibus
796 1515 859 1567 spes
877 1497 931 1552 ric-

79 1576 166 1629 toriae
183 1577 428 1644 redintegraretur,
445 1593 477 1629 eo
495 1576 582 1644 magis
599 1575 674 1643 quod
691 1574 804 1628 deustos
821 1574 932 1643 pluteos

79 1651 198 1705 turrium
219 1652 357 1719 videbant,
379 1668 429 1705 nec
448 1651 527 1705 focile
547 1651 624 1705 adire
645 1654 756 1720 apertos
776 1649 814 1704 ad
836 1649 932 1704 auxili-

81 1726 182 1780 andum
201 1727 465 1793 animadvertebant,
490 1743 652 1805 semperque
670 1727 723 1795 ipsi
740 1728 867 1780 recentes
874 1724 933 1779 :de-

79 1802 159 1856 fessis
181 1803 366 1869 succederent,
386 1818 547 1871 omnemque
568 1802 673 1856 Galliae
694 1802 809 1855 salutem
832 1801 867 1854 in'
880 1788 932 1854 ‘iilo

80 1877 196 1945 vestigio
217 1878 348 1947 temporis
360 1878 485 1947 positam'
490 1877 698 1946 arbitrarentur,
711 1877 810 1931 accidit
825 1877 933 1946 inspec-

80 1954 204 2007 tantibus
228 1953 307 2007 nobis
328 1954 402 2022 quod
421 1953 533 2022 dignum
553 1953 682 2007 memoria
701 1953 788 2006 visum
808 1957 933 2022 practer-

80 2028 247 2082 mittendum
268 2044 322 2081 non
345 2028 566 2084 existimavimus.
602 2029 720 2094 Quidam
739 2032 803 2082 ante
821 2033 932 2097 portam

81 2104 175 2174 oppidi
196 2104 298 2172 Gallus,
322 2105 370 2173 qui
392 2122 444 2174 per
467 2121 563 2158 manus
587 2106 644 2159 seri
668 2121 700 2158 ac
724 2104 791 2173 picis
813 2104 933 2158 traditas

80 2179 176 2248 glebas
189 2179 218 2231 iu
234 2180 326 2246 ignem
343 2196 359 2233 e
377 2180 488 2248 regione
508 2180 592 2234 turris
610 2179 778 2248 projiciebat,
791 2180 934 2248 scorpione

81 2256 117 2308 ab
140 2255 227 2308 latare
252 2254 350 2309 dextro
374 2254 540 2323 transjectus
563 2255 787 2324 exanimatusque
804 2254 932 2309 concidit

83 2332 165 2385 Hunc
181 2348 216 2385 cx
235 2331 365 2399 proximis
386 2348 456 2385 unus
471 2331 609 2399 jacentem
629 2337 816 2400 transgressus
834 2330 934 2385 eodem

81 2408 129 2461 illo
141 2424 254 2461 munere
271 2407 450 2475 fungebatur:
467 2408 564 2461 cadem
581 2409 688 2462 ratione
707 2408 766 2461 ictu
784 2407 935 2474 scorpionis

83 2485 237 2537 exanimato
256 2483 343 2537 altero
367 2485 497 2537 successit
520 2484 619 2536 tertius
643 2487 673 2537 et
696 2482 781 2537 tertio
803 2487 935 2551 quartus3

83 2577 134 2614 nee
153 2560 229 2629 prius
250 2559 297 2612 ille
317 2563 361 2612 est
384 2577 400 2612 a
424 2559 672 2628 propugnatoribus
696 2574 797 2612 vacuus
820 2559 935 2613 relictus

83 2633 157 2693 locus
185 2651 267 2703 quam
295 2634 425 2688 restincto
451 2651 551 2702 aggere
575 2638 660 2702 atque
682 2634 755 2693 omni
774 2632 832 2704 [cx]
852 2637 935 2703 parte

83 2711 216 2765 submotis
226 2710 351 2764 hostibus
362 2710 425 2762 finis
437 2720 480 2764 cst
491 2710 629 2778 pugnandi
641 2710 736 2765 iactus.

136 2793 177 2842 26.
213 2785 310 2839 Omnia
322 2786 429 2854 experti
443 2786 523 2853 Galli,
536 2787 664 2853 quadres
673 2786 748 2840 nulla
757 2789 935 2856 successerat,

84 2868 194 2932 postero
215 2863 261 2916 die
285 2862 425 2916 consilinm
442 2866 574 2930 ceperunt
597 2879 632 2916 ex
656 2862 757 2931 oppido
780 2862 935 2932 profugere,

85 2938 213 2994 hortante
225 2944 255 2993 et
261 2938 379 3007 jubente
395 2937 629 3006 Vercingetorige.
666 2939 702 2992 Id
719 2938 828 2992 silentio
845 2939 936 2992 noctis

72 3016 168 3068 conati
176 3032 234 3069 non
245 3031 348 3086 magna
355 3014 470 3086 jactura
481 3029 593 3070 suorum
607 3029 668 3067 sese
683 3013 827 3067 effecturos
842 3029 936 3080 spera

60 3084 137 3155 bant,
154 3098 321 3164 propterca
340 3095 420 3167 quod
445 3111 542 3167 neque
563 3090 651 3159 longe
672 3089 709 3142 ab
734 3087 834 3155 oppidu
856 3090 950 3138 castra.

44 3156 309 3244 Vercingetoriffl's
321 3175 461 3248 aberant,
475 3179 508 3233 et
524 3169 611 3245 palus
628 3166 774 3265 bilehilt
788 3173 863 3225 him
873 3157 965 3207 iffi*
