2018 3396
418 117 531 166 LIBER
547 117 613 167 VII.
889 121 941 169 '123

85 197 183 254 tudine
196 186 320 268 suppircii
334 198 494 252 dubitantes
506 199 593 267 cogit:
605 215 668 253 nam
681 199 787 267 majore
798 199 942 254 commisso

86 275 191 329 delicto
198 275 255 344 igni
269 280 354 344 atque
370 275 496 328 omnibus
510 276 657 330 tormentis
672 280 768 341 necat;
787 275 889 329 leviore
906 275 943 328 de

85 368 168 406 causa
179 352 291 405 auribus
303 351 423 406 desectis
435 354 483 405 aut
496 352 610 418 singulis
623 353 727 405 effossis
737 352 822 406 oculis
831 352 942 405 domum

85 427 206 482 remittit
228 431 261 483 ut
283 427 340 481 sint
363 428 476 496 reliquis
504 427 669 483 documento
695 432 725 482 et
753 427 943 496 magnitudine

84 519 191 573 poenae
203 508 379 572 perterreant
391 505 467 558 alios.

139 586 162 634 5.
194 580 247 634 His
257 580 395 649 suppliciis
403 580 531 634 celeriter
541 584 635 634 coacto
647 581 772 635 exercitu
784 581 943 636 Lucterium

86 655 250 730 Cadurcum,
280 674 403 711 summae
430 658 569 711 hominem
599 658 739 724 audaciae,
769 657 838 712 cum'
862 663 942 727 parte

84 732 225 802 copiarum
237 735 266 787 in
279 735 405 788 Rutenos
417 735 505 788 mittit
511 754 521 807 t,
529 734 588 803 ipse
601 735 629 786 iu
643 735 784 803 Bituriges
796 735 942 804 proficisci-

85 810 140 862 tur.
176 809 244 877 Ejus
255 810 377 863 adventu
389 811 530 878 Bituriges
544 810 581 863 ad
597 810 719 878 Aeduos,
732 827 847 878 quorum
863 815 943 865 erant

85 883 115 936 in
126 883 190 952 fide,
201 886 307 954 legatos
321 887 437 940 mittunt
452 886 605 940 subsidium
621 890 756 954 rogatum,
770 903 824 954 quo
836 887 942 940 facilius

85 959 206 1014 hostium
228 963 320 1031 copias
344 962 481 1016 sustinere
504 962 617 1031 possint.
654 962 746 1016 Aedui
770 962 807 1016 de
830 963 942 1016 consilio

86 1035 247 1104 legatorum,
260 1055 329 1106 quos
342 1039 443 1093 Caesar
459 1038 496 1091 ad
511 1038 663 1091 exercitum
679 1038 837 1107 reliquerat,
850 1039 942 1106 copias

85 1112 227 1179 equitatus
253 1115 450 1183 peditatusque
473 1113 596 1167 subsidio
621 1113 794 1182 Biturigibus
817 1115 941 1169 mittunt.

86 1186 140 1250 Qui
151 1205 235 1256 quum
248 1191 284 1243 ad
296 1190 397 1244 flumen
415 1190 534 1258 Ligerim
550 1190 696 1256 venissent,
709 1191 784 1258 quod
800 1190 942 1259 Bituriges

84 1263 122 1316 ab
135 1264 241 1318 Aeduis
253 1265 361 1333 dividit,
379 1282 481 1334 paucos
497 1266 557 1318 dies
573 1265 611 1318 ibi
628 1267 727 1319 morati
738 1283 827 1333 neque
840 1267 941 1321 flumen

85 1340 205 1394 transire
232 1342 292 1396 ausi
318 1342 430 1394 domum
455 1345 632 1395 revertuntur
658 1340 812 1410 legatisque
839 1344 942 1395 nostris

85 1417 248 1471 renunciant
272 1435 302 1472 se
321 1417 477 1485 Biturigum
501 1417 645 1485 perfidiam
663 1417 766 1470 veritos
785 1418 941 1484 revertisse,

84 1491 185 1559 quibus
196 1493 227 1546 id
238 1493 344 1547 consilii
356 1493 439 1546 fuisse
453 1493 638 1561 cognoverint,
651 1497 689 1555 ut,
703 1493 726 1546 si
739 1493 840 1546 flumen
853 1496 941 1546 trans-

85 1567 181 1636 issent,
193 1585 248 1623 una
260 1586 295 1622 ex
312 1573 392 1638 parte
403 1569 464 1637 ipsi,
476 1568 564 1622 altera
582 1569 701 1622 Arverni
714 1585 743 1622 se
760 1569 940 1623 circumsiste-

85 1647 157 1697 rent.
195 1645 231 1698 Id
243 1661 310 1698 eane
323 1645 358 1698 de
369 1661 453 1698 causa
464 1661 545 1712 quam
558 1644 657 1712 legatis
673 1645 887 1713 pronunciarent
904 1662 940 1698 an

85 1720 204 1788 perfidia
219 1721 333 1775 adducti
349 1721 474 1788 iecerint,
487 1721 561 1790 quod
578 1721 645 1774 nihil
662 1721 742 1788 notris
757 1724 873 1787 constat,
886 1738 940 1775 non

85 1795 196 1851 videtur
219 1814 273 1866 pro
293 1801 370 1851 certo
394 1814 455 1852 esse
478 1797 644 1865 ponendum.
680 1796 821 1864 Bituriges
845 1813 940 1852 eorum

85 1870 209 1927 discessu
220 1873 314 1927 statim
327 1891 357 1928 se
368 1890 430 1927 cum
444 1872 579 1927 Arvernis
591 1872 766 1941 conjungunt.

139 1955 162 2003 6.
199 1949 252 2002 His
263 1949 348 2004 rebus
358 1951 387 2003 in
398 1950 507 2004 ltaliam
515 1949 627 2003 Caesari
636 1949 779 2015 nunciatis,
788 1965 870 2017 quum
879 1949 940 2018 jam

57 2051 66 2072 ι
85 2023 134 2077 ille
151 2024 269 2078 iubanas
287 2043 332 2079 res
350 2026 453 2079 virtute
472 2026 520 2081 Cn.
539 2025 662 2094 Pompeii
681 2025 890 2079 commodiorem
912 2027 939 2079 in

84 2103 190 2153 statum
204 2102 360 2169 pervenisse
372 2103 548 2171 intelligeret,
560 2103 588 2157 in
602 2102 809 2171 Transalpinam
822 2102 940 2156 Galliam

85 2177 224 2244 proiectus
247 2183 299 2231 est.
335 2179 375 2232 Eo
398 2196 484 2247 quum
504 2180 635 2244 venisset,
652 2195 752 2246 magna
775 2178 939 2233 difficultate

84 2252 320 2322 adiciebaturque
334 2255 440 2308 ratione
456 2254 492 2306 ad
509 2256 660 2309 exercitum
678 2255 822 2323 pervenire
839 2259 939 2323 posset.

87 2327 113 2380 N
116 2344 159 2380 am
171 2328 195 2380 si
206 2329 330 2396 legiones
341 2329 369 2382 in
387 2329 553 2398 provinciam
566 2334 726 2397 arcesseret,
740 2348 769 2384 se
784 2331 898 2385 absente
911 2332 940 2385 in

59 2474 61 2477 Ι
83 2403 184 2458 itinere
198 2405 302 2473 proelio
315 2405 492 2459 dimicaturas
504 2405 688 2473 intelligebat:
708 2407 802 2474 siipse
813 2406 850 2458 ad
862 2423 940 2460 excr-

84 2480 171 2534 citum
183 2482 371 2549 contenderet,
383 2498 419 2536 ne
431 2481 464 2534 iis
476 2482 586 2549 quidem
600 2482 647 2549 qui
659 2499 692 2535 eo
704 2485 829 2550 tempore
847 2483 939 2550 pacati

84 2555 246 2611 viderentur
257 2574 335 2610 suam
347 2557 464 2611 salutern
477 2561 551 2610 recte
563 2558 697 2611 committi
709 2556 828 2611 videbat.

140 2637 162 2689 7.
199 2633 314 2686 interim
334 2633 479 2687 Lucterius
495 2632 636 2703 Cadurcus
650 2633 678 2685 in
699 2633 822 2687 Rutenos
839 2633 939 2688 missus

84 2723 145 2760 eam
157 2707 300 2762 civitatem
315 2710 448 2763 Arvernis
459 2709 592 2763 conciliat.
630 2708 795 2776 Progressus
805 2709 835 2761 in
852 2709 876 2762 N
880 2710 939 2763 itio-

83 2782 176 2851 briges
189 2789 219 2839 et
231 2785 350 2839 Gabalos
362 2786 398 2839 ab
410 2787 535 2854 utrisque
552 2784 661 2838 obsides
678 2784 786 2852 accipit,
799 2789 828 2839 et
840 2803 940 2853 magna

83 2864 178 2915 coacta
187 2861 305 2914 manain
315 2862 487 2915 Provinciam
496 2861 653 2914 Narbonem
662 2877 757 2915 versus
766 2863 940 2930 eruptionem

84 2937 174 2990 facere
185 2937 336 2991 contendit.
372 2938 432 3002 Qua
444 2955 474 2992 re
487 2938 617 2991 nunciata
627 2937 729 2991 Caesar
740 2938 877 2988 assumas
884 2954 952 3012 ess-

80 3011 150 3064 siliis
165 3013 400 3071 antevertendum
416 2996 593 3073 existimabit
604 3018 643 3068 ut
652 3012 833 3067 Barbarum
845 3003 972 3066 pedm·

71 3090 189 3142 ceretur.
230 3092 272 3146 Bo
286 3111 379 3163 quum
392 3094 697 3162 tentassemus
830 3151 836 3160 ,
859 3143 867 3154 ,

60 3159 110 3214 die
123 3163 153 3216 in
167 3165 296 3224 Rutenis
310 3168 688 3245 provincialibus,¹lole'is
702 3154 910 3218 Msfflmffi‘
