2018 3396
70 107 117 157 106
322 109 349 156 Ο.
368 108 470 156 dULII
488 108 683 175 CAESARIS,

69 189 100 238 ot
111 202 166 253 quo
180 185 307 239 differant
318 186 370 240 hae
385 187 509 242 nationes
526 188 599 242 inter
613 204 674 242 sese
689 203 851 257 proponere.
888 190 925 244 In

70 263 160 317 Gallia
188 279 242 314 non
270 262 356 315 solum
384 263 413 315 in
441 264 567 318 omnibus
593 264 751 318 civitatibus
776 269 861 333 atrlue
893 265 924 318 in

69 338 194 391 (muribus
208 338 286 406 pagis
297 337 485 409 partibusque,
499 340 548 394 sed
560 356 646 408 paene
660 340 743 393 etiam
759 340 787 392 iu
806 342 926 409 siirgulis

69 414 196 467 domibus
208 414 341 470 factiones
361 419 432 483 aunt,
450 432 599 486 earumque
617 416 765 469 factionum
784 417 926 485 principes

69 494 133 543 aunt
152 490 199 556 qui
216 506 350 543 summum
368 492 562 546 auctoritatem
580 508 675 546 eorum
695 491 801 559 judicio
819 492 925 548 habero

68 566 269 633 existimantur,
283 583 400 635 quorum
413 567 450 621 ad
462 568 607 621 arbitrium
615 567 805 636 judiciumque
814 584 926 623 summa

68 642 189 695 omnium
201 659 293 695 rerum
308 643 537 712 consiliorumque
554 645 659 698 redeat,
696 644 787 712 quue
802 643 864 711 ejus
880 647 924 699 rei

68 735 149 772 causa
172 719 324 785 antiquitus
345 719 504 773 institutum
525 721 636 774 videtur
654 737 690 773 ne
708 721 768 788 quis
787 736 821 773 ex
840 721 926 788 plebe

67 798 163 847 eontra
174 795 359 869 potentiorem
379 795 474 848 auxilii
494 801 603 864 egeret:
622 811 688 850 suos
707 796 779 849 onim
800 797 924 865 quisque

68 870 186 937 opprimi
206 873 236 922 et
254 870 445 924 circumveniri
466 873 653 940 ampetitur,
674 889 771 940 noque,
795 872 876 926 aliter
897 873 924 926 si

68 945 159 1012 faciat,
186 945 269 998 ullam
297 946 371 1000 inter
400 963 464 1000 suos
490 947 575 1001 habet
604 948 804 1001 auctoritatem.
843 948 926 1002 llaec

69 1020 166 1075 eadem
180 1023 249 1075 ratio
259 1026 302 1076 est
314 1023 342 1075 in
353 1039 458 1076 summa
468 1024 555 1077 totius
564 1024 683 1089 Galliae3
695 1040 814 1092 namquo
826 1041 926 1078 omnes

25 1093 28 1098 ’
69 1098 194 1151 civitates
209 1098 236 1151 in
249 1103 342 1166 partes
355 1098 458 1152 divisae
472 1105 535 1152 sunt
548 1100 623 1153 duas,

124 1179 162 1225 12.
192 1174 282 1238 Quum
297 1174 398 1228 Caesar
409 1176 437 1228 in
452 1176 567 1229 Galliam
578 1177 661 1241 venit,
672 1175 925 1230 alteriusfactionia

69 1244 302 1317 principes'orant
315 1250 414 1318 Aedui,
428 1251 541 1320 alterius
554 1252 681 1319 Sequani.
717 1252 755 1304 lli
768 1267 852 1319 quum
870 1268 925 1320 per

69 1342 100 1379 se
118 1326 208 1379 minus
231 1326 360 1394 valerent,
379 1327 454 1396 quod
473 1343 579 1380 summa
598 1327 749 1381 auctoritas
768 1327 924 1394 artiquitus

70 1406 131 1455 erat
154 1405 183 1455 in
210 1403 317 1456 Aeduis
342 1419 513 1471 magnaeque
542 1419 636 1456 corum
667 1408 748 1456 crunt
768 1403 924 1470 clientelae,

70 1477 221 1532 Germanos
243 1482 329 1548 atque
351 1479 521 1532 Ariovistum
541 1478 592 1531 sibi
613 1471 798 1547 adjrmxerant
819 1495 924 1547 cosque

69 1553 106 1607 ad
118 1571 148 1608 se
160 1554 267 1622 magnis
277 1554 395 1622 jacturis
412 1554 709 1623 pollicitationibusque
724 1554 923 1623 perduxerant

70 1629 186 1683 Proeliis
206 1647 270 1683 vero
290 1630 476 1700 compluribus
496 1630 576 1682 lactis
596 1630 722 1683 secrnrdis
741 1635 827 1698 atque
846 1631 923 1684 omni

68 1706 212 1760 nobilitate
229 1702 390 1760 Aeduorum
405 1707 558 1771 interiecta,
574 1709 682 1760 tantum
700 1705 825 1773 potentia
844 1709 924 1764 ante-

68 1787 206 1835 cesserant
219 1786 252 1835 ut
264 1799 390 1850 magnam
403 1785 511 1850 partem
524 1782 664 1836 clientium
676 1783 712 1836 ab
724 1781 830 1836 Aeduis
841 1781 879 1834 ad
892 1799 924 1836 so

68 1858 280 1912 transducerent
296 1856 460 1928 obsidesque
472 1857 507 1911 ab
518 1859 552 1911 iis
563 1858 717 1926 principum
734 1857 805 1911 filios
816 1858 923 1926 accipe-

69 1938 131 1986 rent
143 1938 174 1986 et
181 1933 289 2002 publice
297 1932 394 2002 jurare
404 1939 535 2002 cogerent
543 1934 611 1987 nihil
624 1951 653 1988 se
666 1933 761 1988 contra
780 1935 923 2002 Sequanos

69 2009 173 2062 consilii
189 2009 314 2078 initurae,
331 2014 359 2065 et
371 2015 480 2078 partem
496 2009 605 2062 finitimi
623 2010 681 2077 agri
700 2027 750 2078 per
768 2009 829 2062 vim.
842 2025 923 2062 occu-

69 2088 162 2153 patam
174 2084 347 2152 possiderent
365 2086 527 2154 Galliaeque
543 2085 630 2139 totius
646 2086 829 2154 principatum
848 2084 923 2138 obti-

69 2164 173 2214 nerent.
209 2159 270 2223 Qua
295 2161 460 2214 necessitate
487 2161 623 2215 adductus
647 2162 806 2229 Diuitiaene,
825 2161 922 2214 auxilii

69 2236 183 2304 petendi
198 2253 279 2290 eausa
296 2236 412 2290 Romam
435 2237 472 2290 ad
494 2242 619 2290 senatum
646 2238 793 2306 profectus,
819 2236 923 2304 imper-

69 2314 141 2366 seeta
153 2330 184 2366 ro
194 2312 321 2367 redierat
348 2314 480 2367 Adventu
492 2314 617 2367 Caesaris
627 2315 699 2368 factu
709 2313 923 2390 commutatione

18 2456 22 2462 .
70 2405 165 2442 rerum
186 2387 328 2442 obsidibus
348 2389 454 2442 Aeduis
475 2390 600 2456 redditis,
624 2389 766 2443 ueteribus
787 2389 924 2442 clientossis

70 2466 215 2531 restitutis,
232 2465 309 2518 novis
324 2481 375 2533 per
390 2464 535 2518 Caesarem
550 2467 722 2532 comparatis,
738 2465 812 2534 quod
825 2464 855 2517 hi
873 2464 923 2532 qui

70 2559 100 2595 se
110 2542 145 2594 ad
156 2558 250 2595 eorum
258 2540 406 2596 amicitiam
417 2547 633 2610 aggregaverant
643 2542 754 2596 meliore
764 2540 924 2614 conditione

70 2623 156 2686 atque
167 2619 296 2687 aequiore
311 2618 426 2688 irnperio
441 2616 476 2672 se'
488 2619 530 2671 uti
547 2618 686 2683 videbant,
705 2618 819 2687 reliquis
837 2616 924 2670 rebus

71 2711 165 2748 eorum
184 2697 277 2762 gratia
300 2695 492 2763 dignitateque
516 2694 681 2762 amplificata
705 2694 824 2761 Sequani
848 2693 923 2761 priu-

71 2771 192 2837 cipetum
217 2771 386 2826 dimiserant.
426 2771 460 2823 In
482 2785 575 2822 comm
599 2770 687 2822 locuun
713 2770 793 2822 ltemi
817 2782 923 2822 succes-

72 2850 179 2911 serant3
209 2864 279 2915 quos
304 2847 378 2915 quod
397 2846 551 2915 adaequare
572 2844 645 2913 apud
668 2845 813 2898 Gaesarem
832 2845 924 2912 gratia

71 2920 286 2990 intelligebatur,
305 2924 325 2976 ii
345 2923 392 2991 qui
411 2924 526 2990 propter
546 2924 656 2974 veteres
672 2920 828 2974 inimicitias
846 2919 924 2992 nullo

69 2998 153 3056 modo
176 3016 238 3054 cum
265 3000 373 3055 Aeduis
402 2998 531 3067 conjungi
560 3000 693 3066 poterant
719 3013 750 3050 se
773 2996 870 3048 Remis
892 2997 927 3048 in

57 3071 216 3130 clientelam
246 3065 409 3133 dicabant·
438 3077 501 3133 Hos
527 3075 570 3130 illi
598 3074 750 3142 diligenter
776 3069 944 3120 tuebantur·

40 3139 90 3198 Ia
107 3152 138 3205 et
157 3167 265 3211 noram
286 3160 319 3214 et
339 3159 465 3230 repente
480 3153 639 3212 collectam
653 3143 864 3204 auctoritatam
877 3140 970 3204 tene-¹
