<?xml version="1.0" encoding="UTF-8"?>
<!DOCTYPE html PUBLIC "-//W3C//DTD XHTML 1.0 Transitional//EN"
    "http://www.w3.org/TR/xhtml1/DTD/xhtml1-transitional.dtd">
<html xmlns="http://www.w3.org/1999/xhtml" xml:lang="en" lang="en">
 <head>
  <title>
</title>
<meta http-equiv="Content-Type" content="text/html;charset=utf-8" />
  <meta name='ocr-system' content='tesseract 3.04.00' />
  <meta name='ocr-capabilities' content='ocr_page ocr_carea ocr_par ocr_line ocrx_word'/>
</head>
<body>
  <div class='ocr_page' id='page_1' title='image "./cjuliicaesarisc00caesgoog_0164.png"; bbox 0 0 2018 3396; ppageno 0'>
   <div class='ocr_carea' id='block_1_1' title="bbox 410 102 934 150">
    <p class='ocr_par' dir='ltr' id='par_1_1' title="bbox 410 102 934 150">
     <span class='ocr_line' id='line_1_1' title="bbox 410 102 934 150; baseline -0.017 0"><span class='ocrx_word' id='word_1_1' title='bbox 410 102 524 150; x_wconf 84' lang='lat' dir='ltr'>LIBER</span> <span class='ocrx_word' id='word_1_2' title='bbox 540 102 607 150; x_wconf 90' lang='lat' dir='ltr'><strong>VII.</strong></span> <span class='ocrx_word' id='word_1_3' title='bbox 888 105 934 150; x_wconf 88' lang='lat'><strong>151</strong></span> 
     </span>
    </p>
   </div>
   <div class='ocr_carea' id='block_1_2' title="bbox 51 178 987 3156">
    <p class='ocr_par' dir='ltr' id='par_1_2' title="bbox 51 178 986 787">
     <span class='ocr_line' id='line_1_2' title="bbox 51 178 935 252; baseline -0.002 -17"><span class='ocrx_word' id='word_1_4' title='bbox 51 178 155 236; x_wconf 84' lang='lat' dir='ltr'><strong>&#39;nulla</strong></span> <span class='ocrx_word' id='word_1_5' title='bbox 171 197 203 236; x_wconf 92' lang='lat' dir='ltr'><strong>re</strong></span> <span class='ocrx_word' id='word_1_6' title='bbox 220 197 255 236; x_wconf 89' lang='lat' dir='ltr'><strong>ex</strong></span> <span class='ocrx_word' id='word_1_7' title='bbox 274 181 419 236; x_wconf 80' lang='lat' dir='ltr'><strong>Provincia</strong></span> <span class='ocrx_word' id='word_1_8' title='bbox 440 187 526 252; x_wconf 84' lang='lat' dir='ltr'><strong>atque</strong></span> <span class='ocrx_word' id='word_1_9' title='bbox 551 183 635 236; x_wconf 88' lang='lat' dir='ltr'><strong>Italia</strong></span> <span class='ocrx_word' id='word_1_10' title='bbox 658 179 796 236; x_wconf 87' lang='lat' dir='ltr'><strong>sublevari</strong></span> <span class='ocrx_word' id='word_1_11' title='bbox 816 183 935 249; x_wconf 88' lang='lat' dir='ltr'><strong>poterat,</strong></span> 
     </span>
     <span class='ocr_line' id='line_1_3' title="bbox 78 257 935 313; baseline -0.002 -1"><span class='ocrx_word' id='word_1_12' title='bbox 78 263 157 312; x_wconf 89' lang='lat' dir='ltr'><strong>trans</strong></span> <span class='ocrx_word' id='word_1_13' title='bbox 174 258 302 312; x_wconf 83' lang='lat' dir='ltr'><strong>Rhenum</strong></span> <span class='ocrx_word' id='word_1_14' title='bbox 319 258 348 311; x_wconf 90' lang='lat' dir='ltr'><strong>in</strong></span> <span class='ocrx_word' id='word_1_15' title='bbox 366 259 542 312; x_wconf 82' lang='lat' dir='ltr'>Germaniam</span> <span class='ocrx_word' id='word_1_16' title='bbox 565 259 653 313; x_wconf 90' lang='lat' dir='ltr'><strong>mittit</strong></span> <span class='ocrx_word' id='word_1_17' title='bbox 677 259 714 313; x_wconf 88' lang='lat' dir='ltr'><strong>ad</strong></span> <span class='ocrx_word' id='word_1_18' title='bbox 737 274 784 311; x_wconf 86' lang='lat' dir='ltr'><strong>eas</strong></span> <span class='ocrx_word' id='word_1_19' title='bbox 808 257 935 311; x_wconf 90' lang='lat' dir='ltr'><strong>civitates</strong></span> 
     </span>
     <span class='ocr_line' id='line_1_4' title="bbox 79 333 935 406; baseline -0.001 -18"><span class='ocrx_word' id='word_1_20' title='bbox 79 352 147 402; x_wconf 87' lang='lat' dir='ltr'><strong>quas</strong></span> <span class='ocrx_word' id='word_1_21' title='bbox 171 334 356 402; x_wconf 88' lang='lat' dir='ltr'><strong>superioribus</strong></span> <span class='ocrx_word' id='word_1_22' title='bbox 380 336 457 389; x_wconf 90' lang='lat' dir='ltr'><strong>annis</strong></span> <span class='ocrx_word' id='word_1_23' title='bbox 479 338 633 405; x_wconf 89' lang='lat' dir='ltr'><strong>pacaverat,</strong></span> <span class='ocrx_word' id='word_1_24' title='bbox 658 336 820 406; x_wconf 83' lang='lat' dir='ltr'><strong>equitesque</strong></span> <span class='ocrx_word' id='word_1_25' title='bbox 837 335 873 388; x_wconf 90' lang='lat' dir='ltr'><strong>ab</strong></span> <span class='ocrx_word' id='word_1_26' title='bbox 891 333 935 387; x_wconf 83' lang='lat' dir='ltr'><strong>bis</strong></span> 
     </span>
     <span class='ocr_line' id='line_1_5' title="bbox 78 411 978 482; baseline -0.001 -17"><span class='ocrx_word' id='word_1_27' title='bbox 78 411 194 466; x_wconf 72' lang='lat' dir='ltr'><strong>arcessit</strong></span> <span class='ocrx_word' id='word_1_28' title='bbox 205 415 235 465; x_wconf 92' lang='lat' dir='ltr'><strong>ct</strong></span> <span class='ocrx_word' id='word_1_29' title='bbox 246 411 313 465; x_wconf 88' lang='lat' dir='ltr'><strong>levis</strong></span> <span class='ocrx_word' id='word_1_30' title='bbox 322 416 478 467; x_wconf 87' lang='lat' dir='ltr'><strong>armaturae</strong></span> <span class='ocrx_word' id='word_1_31' title='bbox 489 413 598 482; x_wconf 81' lang='lat' dir='ltr'><strong>pedites</strong></span> <span class='ocrx_word' id='word_1_32' title='bbox 610 413 656 480; x_wconf 92' lang='lat' dir='ltr'><strong>qui</strong></span> <span class='ocrx_word' id='word_1_33' title='bbox 667 413 740 467; x_wconf 89' lang='lat' dir='ltr'><strong>inter</strong></span> <span class='ocrx_word' id='word_1_34' title='bbox 752 429 799 466; x_wconf 89' lang='lat' dir='ltr'><strong>eos</strong></span> <span class='ocrx_word' id='word_1_35' title='bbox 808 411 935 482; x_wconf 88' lang='lat' dir='ltr'><strong>proeliari</strong></span> <span class='ocrx_word' id='word_1_36' title='bbox 970 463 978 479; x_wconf 38' lang='grc' dir='ltr'><em>Ι</em></span> 
     </span>
     <span class='ocr_line' id='line_1_6' title="bbox 79 489 937 558; baseline -0.001 -16"><span class='ocrx_word' id='word_1_37' title='bbox 79 491 283 542; x_wconf 87' lang='lat' dir='ltr'><strong>consueverant.</strong></span> <span class='ocrx_word' id='word_1_38' title='bbox 327 489 429 542; x_wconf 85' lang='lat' dir='ltr'><strong>Eorum</strong></span> <span class='ocrx_word' id='word_1_39' title='bbox 457 489 585 555; x_wconf 87' lang='lat' dir='ltr'><strong>adventu,</strong></span> <span class='ocrx_word' id='word_1_40' title='bbox 612 489 687 558; x_wconf 90' lang='lat' dir='ltr'><strong>quod</strong></span> <span class='ocrx_word' id='word_1_41' title='bbox 714 489 802 542; x_wconf 90' lang='lat' dir='ltr'><strong>minus</strong></span> <span class='ocrx_word' id='word_1_42' title='bbox 827 489 937 552; x_wconf 85' lang='lat' dir='ltr'><strong>idoneis¹</strong></span> 
     </span>
     <span class='ocr_line' id='line_1_7' title="bbox 79 559 986 634; baseline -0.002 -15"><span class='ocrx_word' id='word_1_43' title='bbox 79 565 157 632; x_wconf 87' lang='lat' dir='ltr'><strong>equis&#39;</strong></span> <span class='ocrx_word' id='word_1_44' title='bbox 173 564 330 631; x_wconf 84' lang='lat' dir='ltr'><strong>utebantur,</strong></span> <span class='ocrx_word' id='word_1_45' title='bbox 343 581 360 618; x_wconf 90' lang='lat' dir='ltr'><strong>a</strong></span> <span class='ocrx_word' id='word_1_46' title='bbox 376 565 494 618; x_wconf 89' lang='lat' dir='ltr'><strong>tribunis</strong></span> <span class='ocrx_word' id='word_1_47' title='bbox 510 566 627 619; x_wconf 90' lang='lat' dir='ltr'><strong>militum</strong></span> <span class='ocrx_word' id='word_1_48' title='bbox 639 565 807 634; x_wconf 76' lang='lat' dir='ltr'><strong>reliquisque</strong></span> <span class='ocrx_word' id='word_1_49' title='bbox 819 564 880 634; x_wconf 88' lang='lat' dir='ltr'><strong>[sed</strong></span> <span class='ocrx_word' id='word_1_50' title='bbox 893 563 934 633; x_wconf 91' lang='lat' dir='ltr'><strong>et]</strong></span> <span class='ocrx_word' id='word_1_51' title='bbox 980 559 986 570; x_wconf 84' lang='lat'>&#39;</span> 
     </span>
     <span class='ocr_line' id='line_1_8' title="bbox 80 641 934 710; baseline -0.002 -16"><span class='ocrx_word' id='word_1_52' title='bbox 80 641 219 710; x_wconf 83' lang='lat' dir='ltr'><strong>equitibus</strong></span> <span class='ocrx_word' id='word_1_53' title='bbox 232 641 361 694; x_wconf 86' lang='lat' dir='ltr'><strong>Romanis</strong></span> <span class='ocrx_word' id='word_1_54' title='bbox 373 645 458 710; x_wconf 88' lang='lat' dir='ltr'><strong>atque</strong></span> <span class='ocrx_word' id='word_1_55' title='bbox 467 642 585 696; x_wconf 85' lang='lat' dir='ltr'><strong>evocatis</strong></span> <span class='ocrx_word' id='word_1_56' title='bbox 595 658 679 710; x_wconf 86' lang='lat' dir='ltr'><strong>eques</strong></span> <span class='ocrx_word' id='word_1_57' title='bbox 688 642 772 694; x_wconf 88' lang='lat' dir='ltr'><strong>sumit</strong></span> <span class='ocrx_word' id='word_1_58' title='bbox 782 641 934 695; x_wconf 79' lang='lat' dir='ltr'><strong>Germanis</strong></span> 
     </span>
     <span class='ocr_line' id='line_1_9' title="bbox 80 717 297 787; baseline 0 -17"><span class='ocrx_word' id='word_1_59' title='bbox 80 735 135 787; x_wconf 88' lang='lat' dir='ltr'><strong>qne</strong></span> <span class='ocrx_word' id='word_1_60' title='bbox 147 717 297 772; x_wconf 78' lang='lat' dir='ltr'><strong>distribuit.</strong></span> 
     </span>
    </p>

    <p class='ocr_par' dir='ltr' id='par_1_3' title="bbox 78 792 935 2694">
     <span class='ocr_line' id='line_1_10' title="bbox 133 792 932 861; baseline -0.005 -13"><span class='ocrx_word' id='word_1_61' title='bbox 133 800 173 848; x_wconf 84' lang='grc'><strong>66.</strong></span> <span class='ocrx_word' id='word_1_62' title='bbox 210 794 322 847; x_wconf 79' lang='lat' dir='ltr'><strong>Interea</strong></span> <span class='ocrx_word' id='word_1_63' title='bbox 334 792 400 846; x_wconf 92' lang='lat' dir='ltr'><strong>dum</strong></span> <span class='ocrx_word' id='word_1_64' title='bbox 412 793 480 847; x_wconf 90' lang='lat' dir='ltr'><strong>hacc</strong></span> <span class='ocrx_word' id='word_1_65' title='bbox 496 798 639 861; x_wconf 88' lang='lat' dir='ltr'><strong>geruntur,</strong></span> <span class='ocrx_word' id='word_1_66' title='bbox 655 793 775 847; x_wconf 88' lang='lat' dir='ltr'><strong>hostium</strong></span> <span class='ocrx_word' id='word_1_67' title='bbox 790 793 883 861; x_wconf 88' lang='lat' dir='ltr'><strong>copiae</strong></span> <span class='ocrx_word' id='word_1_68' title='bbox 899 805 932 845; x_wconf 79' lang='lat' dir='ltr'><strong>ex</strong></span> 
     </span>
     <span class='ocr_line' id='line_1_11' title="bbox 81 869 933 938; baseline -0.004 -15"><span class='ocrx_word' id='word_1_69' title='bbox 81 870 223 937; x_wconf 84' lang='lat' dir='ltr'><strong>Arvernis,</strong></span> <span class='ocrx_word' id='word_1_70' title='bbox 242 869 411 938; x_wconf 74' lang='lat' dir='ltr'><strong>equitesque,</strong></span> <span class='ocrx_word' id='word_1_71' title='bbox 430 870 477 937; x_wconf 92' lang='lat' dir='ltr'><strong>qui</strong></span> <span class='ocrx_word' id='word_1_72' title='bbox 494 871 547 923; x_wconf 89' lang='lat' dir='ltr'><strong>toti</strong></span> <span class='ocrx_word' id='word_1_73' title='bbox 566 870 672 924; x_wconf 87' lang='lat' dir='ltr'><strong>Galliae</strong></span> <span class='ocrx_word' id='word_1_74' title='bbox 696 872 775 923; x_wconf 90' lang='lat' dir='ltr'><strong>eraut</strong></span> <span class='ocrx_word' id='word_1_75' title='bbox 797 869 933 938; x_wconf 87' lang='lat' dir='ltr'><strong>imperati,</strong></span> 
     </span>
     <span class='ocr_line' id='line_1_12' title="bbox 79 946 933 1014; baseline -0.002 -14"><span class='ocrx_word' id='word_1_76' title='bbox 79 947 249 1000; x_wconf 88' lang='lat' dir='ltr'><strong>conveniunt.</strong></span> <span class='ocrx_word' id='word_1_77' title='bbox 285 946 387 1014; x_wconf 85' lang='lat' dir='ltr'><strong>Magno</strong></span> <span class='ocrx_word' id='word_1_78' title='bbox 396 946 493 999; x_wconf 89' lang='lat' dir='ltr'><strong>herum</strong></span> <span class='ocrx_word' id='word_1_79' title='bbox 503 950 596 1000; x_wconf 88' lang='lat' dir='ltr'><strong>coacto</strong></span> <span class='ocrx_word' id='word_1_80' title='bbox 605 963 727 1014; x_wconf 91' lang='lat' dir='ltr'><strong>numero,</strong></span> <span class='ocrx_word' id='word_1_81' title='bbox 737 963 822 1014; x_wconf 93' lang='lat' dir='ltr'><strong>quum</strong></span> <span class='ocrx_word' id='word_1_82' title='bbox 833 946 933 1000; x_wconf 86' lang='lat' dir='ltr'><strong>Caesar</strong></span> 
     </span>
     <span class='ocr_line' id='line_1_13' title="bbox 78 1023 934 1091; baseline 0 -15"><span class='ocrx_word' id='word_1_83' title='bbox 78 1023 108 1076; x_wconf 92' lang='lat' dir='ltr'><strong>in</strong></span> <span class='ocrx_word' id='word_1_84' title='bbox 120 1023 261 1091; x_wconf 78' lang='lat' dir='ltr'><strong>Sequanos</strong></span> <span class='ocrx_word' id='word_1_85' title='bbox 277 1039 328 1090; x_wconf 90' lang='lat' dir='ltr'><strong>per</strong></span> <span class='ocrx_word' id='word_1_86' title='bbox 344 1026 483 1075; x_wconf 84' lang='lat' dir='ltr'><strong>extremos</strong></span> <span class='ocrx_word' id='word_1_87' title='bbox 499 1023 650 1090; x_wconf 80' lang='lat' dir='ltr'><strong>Lingonum</strong></span> <span class='ocrx_word' id='word_1_88' title='bbox 667 1023 808 1076; x_wconf 85' lang='lat' dir='ltr'><strong>finesiter</strong></span> <span class='ocrx_word' id='word_1_89' title='bbox 823 1023 934 1091; x_wconf 82' lang='lat' dir='ltr'><strong>faceret,</strong></span> 
     </span>
     <span class='ocr_line' id='line_1_14' title="bbox 80 1098 935 1168; baseline 0.001 -17"><span class='ocrx_word' id='word_1_90' title='bbox 80 1115 135 1166; x_wconf 90' lang='lat' dir='ltr'><strong>qne</strong></span> <span class='ocrx_word' id='word_1_91' title='bbox 153 1098 259 1152; x_wconf 86' lang='lat' dir='ltr'><strong>facilius</strong></span> <span class='ocrx_word' id='word_1_92' title='bbox 277 1098 429 1151; x_wconf 89' lang='lat' dir='ltr'><strong>subsidium</strong></span> <span class='ocrx_word' id='word_1_93' title='bbox 449 1099 606 1152; x_wconf 78' lang='lat' dir='ltr'><strong>Provinciae</strong></span> <span class='ocrx_word' id='word_1_94' title='bbox 620 1100 694 1153; x_wconf 85' lang='lat' dir='ltr'><strong>ferre</strong></span> <span class='ocrx_word' id='word_1_95' title='bbox 707 1102 810 1168; x_wconf 86' lang='lat' dir='ltr'><strong>posset,</strong></span> <span class='ocrx_word' id='word_1_96' title='bbox 825 1100 935 1152; x_wconf 85' lang='lat' dir='ltr'><strong>circiter</strong></span> 
     </span>
     <span class='ocr_line' id='line_1_15' title="bbox 78 1175 933 1243; baseline 0 -15"><span class='ocrx_word' id='word_1_97' title='bbox 78 1175 154 1228; x_wconf 90' lang='lat' dir='ltr'><strong>milia</strong></span> <span class='ocrx_word' id='word_1_98' title='bbox 164 1191 294 1243; x_wconf 82' lang='lat' dir='ltr'><strong>passuum</strong></span> <span class='ocrx_word' id='word_1_99' title='bbox 307 1191 326 1228; x_wconf 84' lang='lat' dir='ltr'><strong>x</strong></span> <span class='ocrx_word' id='word_1_100' title='bbox 338 1175 372 1228; x_wconf 90' lang='lat' dir='ltr'><strong>ab</strong></span> <span class='ocrx_word' id='word_1_101' title='bbox 386 1176 515 1229; x_wconf 86' lang='lat' dir='ltr'><strong>Romanis</strong></span> <span class='ocrx_word' id='word_1_102' title='bbox 527 1176 606 1230; x_wconf 83' lang='lat' dir='ltr'><strong>trinis</strong></span> <span class='ocrx_word' id='word_1_103' title='bbox 615 1176 712 1230; x_wconf 88' lang='lat' dir='ltr'><strong>castris</strong></span> <span class='ocrx_word' id='word_1_104' title='bbox 722 1175 933 1243; x_wconf 82' lang='lat' dir='ltr'><strong>Vercingetorix</strong></span> 
     </span>
     <span class='ocr_line' id='line_1_16' title="bbox 79 1251 934 1320; baseline -0.001 -16"><span class='ocrx_word' id='word_1_105' title='bbox 79 1251 212 1320; x_wconf 85' lang='lat' dir='ltr'><strong>censedit,</strong></span> <span class='ocrx_word' id='word_1_106' title='bbox 223 1251 429 1319; x_wconf 85' lang='lat' dir='ltr'><strong>convocatisque</strong></span> <span class='ocrx_word' id='word_1_107' title='bbox 441 1252 477 1304; x_wconf 93' lang='lat' dir='ltr'><strong>ad</strong></span> <span class='ocrx_word' id='word_1_108' title='bbox 490 1252 631 1304; x_wconf 87' lang='lat' dir='ltr'><strong>concilium</strong></span> <span class='ocrx_word' id='word_1_109' title='bbox 643 1252 790 1319; x_wconf 84' lang='lat' dir='ltr'><strong>praelectis</strong></span> <span class='ocrx_word' id='word_1_110' title='bbox 802 1251 934 1318; x_wconf 89' lang='lat' dir='ltr'><strong>equitum,</strong></span> 
     </span>
     <span class='ocr_line' id='line_1_17' title="bbox 80 1326 934 1397; baseline -0.005 -15"><span class='ocrx_word' id='word_1_111' title='bbox 80 1328 195 1382; x_wconf 86' lang='lat' dir='ltr'><strong>Venisse</strong></span> <span class='ocrx_word' id='word_1_112' title='bbox 207 1332 316 1397; x_wconf 89' lang='lat' dir='ltr'><strong>tempus</strong></span> <span class='ocrx_word' id='word_1_113' title='bbox 327 1328 458 1381; x_wconf 88' lang='lat' dir='ltr'><strong>victoriae</strong></span> <span class='ocrx_word' id='word_1_114' title='bbox 470 1327 654 1381; x_wconf 89' lang='lat' dir='ltr'><strong>demonstrat:</strong></span> <span class='ocrx_word' id='word_1_115' title='bbox 672 1328 768 1395; x_wconf 91' lang='lat' dir='ltr'><strong>fugere</strong></span> <span class='ocrx_word' id='word_1_116' title='bbox 780 1328 808 1380; x_wconf 90' lang='lat' dir='ltr'><strong>in</strong></span> <span class='ocrx_word' id='word_1_117' title='bbox 821 1326 934 1380; x_wconf 90' lang='lat' dir='ltr'><strong>Provin-</strong></span> 
     </span>
     <span class='ocr_line' id='line_1_18' title="bbox 79 1402 935 1472; baseline -0.004 -14"><span class='ocrx_word' id='word_1_118' title='bbox 79 1405 149 1458; x_wconf 89' lang='lat' dir='ltr'><strong>ciam</strong></span> <span class='ocrx_word' id='word_1_119' title='bbox 165 1405 303 1458; x_wconf 88' lang='lat' dir='ltr'><strong>Romanes</strong></span> <span class='ocrx_word' id='word_1_120' title='bbox 320 1403 464 1472; x_wconf 87' lang='lat' dir='ltr'><strong>Galliaque</strong></span> <span class='ocrx_word' id='word_1_121' title='bbox 480 1403 628 1457; x_wconf 80' lang='lat' dir='ltr'><strong>excedere:</strong></span> <span class='ocrx_word' id='word_1_122' title='bbox 646 1402 675 1455; x_wconf 92' lang='lat' dir='ltr'><strong>id</strong></span> <span class='ocrx_word' id='word_1_123' title='bbox 692 1403 743 1456; x_wconf 92' lang='lat' dir='ltr'><strong>sibi</strong></span> <span class='ocrx_word' id='word_1_124' title='bbox 758 1402 794 1456; x_wconf 90' lang='lat' dir='ltr'><strong>ad</strong></span> <span class='ocrx_word' id='word_1_125' title='bbox 808 1418 935 1470; x_wconf 88' lang='lat' dir='ltr'><strong>praescn-</strong></span> 
     </span>
     <span class='ocr_line' id='line_1_19' title="bbox 79 1479 934 1547; baseline -0.002 -13"><span class='ocrx_word' id='word_1_126' title='bbox 79 1485 137 1534; x_wconf 92' lang='lat' dir='ltr'><strong>tem</strong></span> <span class='ocrx_word' id='word_1_127' title='bbox 149 1481 325 1535; x_wconf 90' lang='lat' dir='ltr'><strong>obtinendam</strong></span> <span class='ocrx_word' id='word_1_128' title='bbox 337 1479 495 1533; x_wconf 86' lang='lat' dir='ltr'><strong>libertatem</strong></span> <span class='ocrx_word' id='word_1_129' title='bbox 514 1479 582 1532; x_wconf 88' lang='lat' dir='ltr'><strong>satia</strong></span> <span class='ocrx_word' id='word_1_130' title='bbox 602 1496 677 1543; x_wconf 88' lang='lat' dir='ltr'><strong>esse;</strong></span> <span class='ocrx_word' id='word_1_131' title='bbox 695 1479 731 1532; x_wconf 89' lang='lat' dir='ltr'><strong>ad</strong></span> <span class='ocrx_word' id='word_1_132' title='bbox 749 1479 848 1547; x_wconf 91' lang='lat' dir='ltr'><strong>reliqui</strong></span> <span class='ocrx_word' id='word_1_133' title='bbox 864 1483 934 1532; x_wconf 91' lang='lat' dir='ltr'><strong>tem-</strong></span> 
     </span>
     <span class='ocr_line' id='line_1_20' title="bbox 78 1555 933 1627; baseline -0.002 -17"><span class='ocrx_word' id='word_1_134' title='bbox 78 1559 154 1627; x_wconf 86' lang='lat' dir='ltr'><strong>poris</strong></span> <span class='ocrx_word' id='word_1_135' title='bbox 165 1573 261 1626; x_wconf 90' lang='lat' dir='ltr'><strong>pacem</strong></span> <span class='ocrx_word' id='word_1_136' title='bbox 273 1560 356 1623; x_wconf 89' lang='lat' dir='ltr'><strong>atquc</strong></span> <span class='ocrx_word' id='word_1_137' title='bbox 372 1555 459 1610; x_wconf 91' lang='lat' dir='ltr'><strong>otium</strong></span> <span class='ocrx_word' id='word_1_138' title='bbox 470 1572 568 1625; x_wconf 87' lang='lat' dir='ltr'><strong>parum</strong></span> <span class='ocrx_word' id='word_1_139' title='bbox 579 1555 683 1624; x_wconf 88' lang='lat' dir='ltr'><strong>prefici,</strong></span> <span class='ocrx_word' id='word_1_140' title='bbox 695 1555 844 1622; x_wconf 84' lang='lat' dir='ltr'><strong>rnajoribas</strong></span> <span class='ocrx_word' id='word_1_141' title='bbox 861 1555 933 1608; x_wconf 87' lang='lat' dir='ltr'><strong>enim</strong></span> 
     </span>
     <span class='ocr_line' id='line_1_21' title="bbox 79 1632 934 1702; baseline -0.005 -14"><span class='ocrx_word' id='word_1_142' title='bbox 79 1635 179 1689; x_wconf 89' lang='lat' dir='ltr'><strong>coactis</strong></span> <span class='ocrx_word' id='word_1_143' title='bbox 191 1633 276 1702; x_wconf 88' lang='lat' dir='ltr'><strong>copiis</strong></span> <span class='ocrx_word' id='word_1_144' title='bbox 287 1648 445 1686; x_wconf 85' lang='lat' dir='ltr'><strong>reversuros</strong></span> <span class='ocrx_word' id='word_1_145' title='bbox 458 1649 548 1701; x_wconf 92' lang='lat' dir='ltr'><strong>neque</strong></span> <span class='ocrx_word' id='word_1_146' title='bbox 560 1632 641 1686; x_wconf 89' lang='lat' dir='ltr'><strong>finem</strong></span> <span class='ocrx_word' id='word_1_147' title='bbox 660 1632 780 1685; x_wconf 89' lang='lat' dir='ltr'><strong>bellandi</strong></span> <span class='ocrx_word' id='word_1_148' title='bbox 797 1633 934 1696; x_wconf 54' lang='lat' dir='ltr'><strong>iacturam</strong></span> 
     </span>
     <span class='ocr_line' id='line_1_22' title="bbox 79 1707 934 1779; baseline -0.005 -17"><span class='ocrx_word' id='word_1_149' title='bbox 79 1709 194 1778; x_wconf 89' lang='lat' dir='ltr'><strong>proinde</strong></span> <span class='ocrx_word' id='word_1_150' title='bbox 206 1707 257 1779; x_wconf 88' lang='lat' dir='ltr'><strong>[in]</strong></span> <span class='ocrx_word' id='word_1_151' title='bbox 267 1708 529 1778; x_wconf 60' lang='lat' dir='ltr'><strong>agrmineimpcdites</strong></span> <span class='ocrx_word' id='word_1_152' title='bbox 539 1708 714 1762; x_wconf 88' lang='lat' dir='ltr'><strong>adoriantur:</strong></span> <span class='ocrx_word' id='word_1_153' title='bbox 728 1709 751 1760; x_wconf 86' lang='lat' dir='ltr'><strong>si</strong></span> <span class='ocrx_word' id='word_1_154' title='bbox 759 1707 867 1775; x_wconf 88' lang='lat' dir='ltr'><strong>pedites</strong></span> <span class='ocrx_word' id='word_1_155' title='bbox 877 1707 934 1759; x_wconf 89' lang='lat' dir='ltr'><strong>suis</strong></span> 
     </span>
     <span class='ocr_line' id='line_1_23' title="bbox 79 1783 932 1852; baseline -0.004 -13"><span class='ocrx_word' id='word_1_156' title='bbox 79 1787 210 1839; x_wconf 83' lang='lat' dir='ltr'><strong>auxilium</strong></span> <span class='ocrx_word' id='word_1_157' title='bbox 225 1786 316 1840; x_wconf 84' lang='lat' dir='ltr'><strong>ferant</strong></span> <span class='ocrx_word' id='word_1_158' title='bbox 330 1788 414 1852; x_wconf 88' lang='lat' dir='ltr'><strong>atquc</strong></span> <span class='ocrx_word' id='word_1_159' title='bbox 431 1785 459 1838; x_wconf 90' lang='lat' dir='ltr'><strong>in</strong></span> <span class='ocrx_word' id='word_1_160' title='bbox 477 1801 510 1839; x_wconf 94' lang='lat' dir='ltr'><strong>co</strong></span> <span class='ocrx_word' id='word_1_161' title='bbox 528 1788 676 1849; x_wconf 88' lang='lat' dir='ltr'><strong>morentur,</strong></span> <span class='ocrx_word' id='word_1_162' title='bbox 694 1785 749 1838; x_wconf 91' lang='lat' dir='ltr'><strong>iter</strong></span> <span class='ocrx_word' id='word_1_163' title='bbox 766 1783 861 1837; x_wconf 88' lang='lat' dir='ltr'><strong>confici</strong></span> <span class='ocrx_word' id='word_1_164' title='bbox 879 1799 932 1836; x_wconf 90' lang='lat' dir='ltr'><strong>non</strong></span> 
     </span>
     <span class='ocr_line' id='line_1_24' title="bbox 79 1859 933 1930; baseline 0 -16"><span class='ocrx_word' id='word_1_165' title='bbox 79 1880 174 1930; x_wconf 83' lang='lat' dir='ltr'><strong>pesse3</strong></span> <span class='ocrx_word' id='word_1_166' title='bbox 204 1861 234 1927; x_wconf 90' lang='lat' dir='ltr'><strong>si,</strong></span> <span class='ocrx_word' id='word_1_167' title='bbox 263 1859 294 1913; x_wconf 90' lang='lat' dir='ltr'><strong>id</strong></span> <span class='ocrx_word' id='word_1_168' title='bbox 318 1861 392 1928; x_wconf 90' lang='lat' dir='ltr'><strong>quod</strong></span> <span class='ocrx_word' id='word_1_169' title='bbox 416 1862 502 1928; x_wconf 89' lang='lat' dir='ltr'><strong>magis</strong></span> <span class='ocrx_word' id='word_1_170' title='bbox 528 1861 652 1914; x_wconf 82' lang='lat' dir='ltr'><strong>futurum</strong></span> <span class='ocrx_word' id='word_1_171' title='bbox 675 1861 803 1928; x_wconf 84' lang='lat' dir='ltr'><strong>confidat,</strong></span> <span class='ocrx_word' id='word_1_172' title='bbox 828 1859 933 1914; x_wconf 83' lang='lat' dir='ltr'><strong>relictis</strong></span> 
     </span>
     <span class='ocr_line' id='line_1_25' title="bbox 79 1937 934 2008; baseline -0.004 -16"><span class='ocrx_word' id='word_1_173' title='bbox 79 1937 285 2008; x_wconf 86' lang='lat' dir='ltr'><strong>impedimentis</strong></span> <span class='ocrx_word' id='word_1_174' title='bbox 297 1953 361 1990; x_wconf 90' lang='lat' dir='ltr'><strong>suae</strong></span> <span class='ocrx_word' id='word_1_175' title='bbox 374 1937 456 1990; x_wconf 89' lang='lat' dir='ltr'><strong>saluti</strong></span> <span class='ocrx_word' id='word_1_176' title='bbox 468 1938 617 2004; x_wconf 88' lang='lat' dir='ltr'><strong>consulant,</strong></span> <span class='ocrx_word' id='word_1_177' title='bbox 631 1941 660 1991; x_wconf 91' lang='lat' dir='ltr'><strong>et</strong></span> <span class='ocrx_word' id='word_1_178' title='bbox 671 1954 722 1990; x_wconf 86' lang='lat' dir='ltr'><strong>usu</strong></span> <span class='ocrx_word' id='word_1_179' title='bbox 734 1954 827 1990; x_wconf 87' lang='lat' dir='ltr'><strong>reram</strong></span> <span class='ocrx_word' id='word_1_180' title='bbox 839 1953 934 1990; x_wconf 86' lang='lat' dir='ltr'><strong>neces-</strong></span> 
     </span>
     <span class='ocr_line' id='line_1_26' title="bbox 80 2013 933 2083; baseline -0.002 -15"><span class='ocrx_word' id='word_1_181' title='bbox 80 2016 212 2069; x_wconf 88' lang='lat' dir='ltr'><strong>sariarum</strong></span> <span class='ocrx_word' id='word_1_182' title='bbox 236 2017 265 2067; x_wconf 91' lang='lat' dir='ltr'><strong>ct</strong></span> <span class='ocrx_word' id='word_1_183' title='bbox 288 2014 423 2082; x_wconf 87' lang='lat' dir='ltr'><strong>dignitate</strong></span> <span class='ocrx_word' id='word_1_184' title='bbox 447 2015 594 2082; x_wconf 89' lang='lat' dir='ltr'><strong>spoliatum</strong></span> <span class='ocrx_word' id='word_1_185' title='bbox 617 2015 667 2079; x_wconf 88' lang='lat' dir='ltr'><strong>iri;</strong></span> <span class='ocrx_word' id='word_1_186' title='bbox 690 2031 754 2066; x_wconf 88' lang='lat' dir='ltr'><strong>narn</strong></span> <span class='ocrx_word' id='word_1_187' title='bbox 778 2013 814 2066; x_wconf 91' lang='lat' dir='ltr'><strong>de</strong></span> <span class='ocrx_word' id='word_1_188' title='bbox 832 2013 933 2083; x_wconf 91' lang='lat' dir='ltr'><strong>equiti-</strong></span> 
     </span>
     <span class='ocr_line' id='line_1_27' title="bbox 79 2090 933 2161; baseline -0.004 -15"><span class='ocrx_word' id='word_1_189' title='bbox 79 2092 131 2146; x_wconf 91' lang='lat' dir='ltr'><strong>bus</strong></span> <span class='ocrx_word' id='word_1_190' title='bbox 146 2091 275 2159; x_wconf 91' lang='lat' dir='ltr'><strong>hostium,</strong></span> <span class='ocrx_word' id='word_1_191' title='bbox 294 2091 360 2159; x_wconf 89' lang='lat' dir='ltr'><strong>quin</strong></span> <span class='ocrx_word' id='word_1_192' title='bbox 378 2108 458 2145; x_wconf 91' lang='lat' dir='ltr'><strong>nemo</strong></span> <span class='ocrx_word' id='word_1_193' title='bbox 476 2107 570 2144; x_wconf 87' lang='lat' dir='ltr'><strong>corum</strong></span> <span class='ocrx_word' id='word_1_194' title='bbox 589 2091 724 2161; x_wconf 81' lang='lat' dir='ltr'><strong>progredi</strong></span> <span class='ocrx_word' id='word_1_195' title='bbox 747 2090 831 2145; x_wconf 79' lang='lat' dir='ltr'><strong>medo</strong></span> <span class='ocrx_word' id='word_1_196' title='bbox 853 2092 933 2143; x_wconf 82' lang='lat' dir='ltr'><strong>extra</strong></span> 
     </span>
     <span class='ocr_line' id='line_1_28' title="bbox 79 2165 933 2243; baseline -0.004 -21"><span class='ocrx_word' id='word_1_197' title='bbox 79 2186 177 2237; x_wconf 85' lang='lat' dir='ltr'><strong>agmen</strong></span> <span class='ocrx_word' id='word_1_198' title='bbox 201 2167 309 2234; x_wconf 84' lang='lat' dir='ltr'><strong>audeat,</strong></span> <span class='ocrx_word' id='word_1_199' title='bbox 333 2184 369 2221; x_wconf 91' lang='lat' dir='ltr'><strong>ne</strong></span> <span class='ocrx_word' id='word_1_200' title='bbox 391 2167 466 2243; x_wconf 82' lang='lat' dir='ltr'><strong>ipses</strong></span> <span class='ocrx_word' id='word_1_201' title='bbox 487 2167 600 2236; x_wconf 89' lang='lat' dir='ltr'><strong>quidem</strong></span> <span class='ocrx_word' id='word_1_202' title='bbox 624 2167 726 2220; x_wconf 89' lang='lat' dir='ltr'><strong>debere</strong></span> <span class='ocrx_word' id='word_1_203' title='bbox 744 2166 885 2220; x_wconf 86' lang='lat' dir='ltr'><strong>dubitare:</strong></span> <span class='ocrx_word' id='word_1_204' title='bbox 901 2165 933 2219; x_wconf 88' lang='lat' dir='ltr'><strong>id</strong></span> 
     </span>
     <span class='ocr_line' id='line_1_29' title="bbox 80 2243 935 2315; baseline -0.004 -16"><span class='ocrx_word' id='word_1_205' title='bbox 80 2263 134 2315; x_wconf 92' lang='lat' dir='ltr'><strong>que</strong></span> <span class='ocrx_word' id='word_1_206' title='bbox 158 2243 263 2312; x_wconf 86' lang='lat' dir='ltr'><strong>majore</strong></span> <span class='ocrx_word' id='word_1_207' title='bbox 286 2244 388 2297; x_wconf 85' lang='lat' dir='ltr'><strong>faciant</strong></span> <span class='ocrx_word' id='word_1_208' title='bbox 411 2243 510 2310; x_wconf 87' lang='lat' dir='ltr'><strong>anime,</strong></span> <span class='ocrx_word' id='word_1_209' title='bbox 534 2244 626 2312; x_wconf 84' lang='lat' dir='ltr'><strong>copias</strong></span> <span class='ocrx_word' id='word_1_210' title='bbox 650 2260 680 2296; x_wconf 89' lang='lat' dir='ltr'><strong>se</strong></span> <span class='ocrx_word' id='word_1_211' title='bbox 698 2260 792 2296; x_wconf 87' lang='lat' dir='ltr'><strong>omnes</strong></span> <span class='ocrx_word' id='word_1_212' title='bbox 809 2259 860 2310; x_wconf 89' lang='lat' dir='ltr'><strong>pre</strong></span> <span class='ocrx_word' id='word_1_213' title='bbox 877 2259 935 2296; x_wconf 89' lang='lat' dir='ltr'><strong>cas-</strong></span> 
     </span>
     <span class='ocr_line' id='line_1_30' title="bbox 79 2319 934 2376; baseline -0.005 0"><span class='ocrx_word' id='word_1_214' title='bbox 79 2323 131 2376; x_wconf 90' lang='lat' dir='ltr'><strong>tris</strong></span> <span class='ocrx_word' id='word_1_215' title='bbox 139 2321 297 2375; x_wconf 85' lang='lat' dir='ltr'><strong>babituram</strong></span> <span class='ocrx_word' id='word_1_216' title='bbox 307 2322 337 2373; x_wconf 92' lang='lat' dir='ltr'><strong>et</strong></span> <span class='ocrx_word' id='word_1_217' title='bbox 346 2320 446 2374; x_wconf 88' lang='lat' dir='ltr'><strong>terreri</strong></span> <span class='ocrx_word' id='word_1_218' title='bbox 455 2319 580 2373; x_wconf 85' lang='lat' dir='ltr'><strong>hostibus</strong></span> <span class='ocrx_word' id='word_1_219' title='bbox 590 2322 720 2373; x_wconf 81' lang='lat' dir='ltr'><strong>luterum.</strong></span> <span class='ocrx_word' id='word_1_220' title='bbox 757 2319 934 2372; x_wconf 81' lang='lat' dir='ltr'><strong>Conclamant</strong></span> 
     </span>
     <span class='ocr_line' id='line_1_31' title="bbox 79 2395 933 2466; baseline -0.004 -15"><span class='ocrx_word' id='word_1_221' title='bbox 79 2398 195 2466; x_wconf 82' lang='lat' dir='ltr'><strong>aquitae,</strong></span> <span class='ocrx_word' id='word_1_222' title='bbox 209 2395 386 2450; x_wconf 85' lang='lat' dir='ltr'><strong>Sanctissimo</strong></span> <span class='ocrx_word' id='word_1_223' title='bbox 394 2395 579 2464; x_wconf 88' lang='lat' dir='ltr'><strong>jurejurando</strong></span> <span class='ocrx_word' id='word_1_224' title='bbox 592 2395 747 2448; x_wconf 86' lang='lat' dir='ltr'><strong>confirmari</strong></span> <span class='ocrx_word' id='word_1_225' title='bbox 759 2400 887 2462; x_wconf 91' lang='lat' dir='ltr'><strong>oportere</strong></span> <span class='ocrx_word' id='word_1_226' title='bbox 898 2413 933 2448; x_wconf 89' lang='lat' dir='ltr'><strong>ne</strong></span> 
     </span>
     <span class='ocr_line' id='line_1_32' title="bbox 79 2470 930 2540; baseline -0.006 -13"><span class='ocrx_word' id='word_1_227' title='bbox 79 2477 154 2527; x_wconf 88' lang='lat' dir='ltr'><strong>tecto</strong></span> <span class='ocrx_word' id='word_1_228' title='bbox 172 2473 328 2539; x_wconf 85' lang='lat' dir='ltr'><strong>recipiatur,</strong></span> <span class='ocrx_word' id='word_1_229' title='bbox 345 2489 380 2525; x_wconf 91' lang='lat' dir='ltr'><strong>nc</strong></span> <span class='ocrx_word' id='word_1_230' title='bbox 397 2472 433 2524; x_wconf 86' lang='lat' dir='ltr'><strong>ad</strong></span> <span class='ocrx_word' id='word_1_231' title='bbox 451 2471 561 2537; x_wconf 66' lang='lat' dir='ltr'><strong>liberos</strong></span> <span class='ocrx_word' id='word_1_232' title='bbox 579 2488 614 2524; x_wconf 94' lang='lat' dir='ltr'><strong>ne</strong></span> <span class='ocrx_word' id='word_1_233' title='bbox 632 2470 668 2523; x_wconf 88' lang='lat' dir='ltr'><strong>ad</strong></span> <span class='ocrx_word' id='word_1_234' title='bbox 686 2474 823 2540; x_wconf 85' lang='lat' dir='ltr'><strong>parentes,</strong></span> <span class='ocrx_word' id='word_1_235' title='bbox 841 2488 876 2523; x_wconf 91' lang='lat' dir='ltr'><strong>ne</strong></span> <span class='ocrx_word' id='word_1_236' title='bbox 897 2471 930 2522; x_wconf 89' lang='lat' dir='ltr'><strong>ad</strong></span> 
     </span>
     <span class='ocr_line' id='line_1_33' title="bbox 79 2545 934 2616; baseline -0.005 -16"><span class='ocrx_word' id='word_1_237' title='bbox 79 2565 192 2602; x_wconf 83' lang='lat' dir='ltr'><strong>uxorem</strong></span> <span class='ocrx_word' id='word_1_238' title='bbox 205 2547 311 2600; x_wconf 87' lang='lat' dir='ltr'><strong>aditum</strong></span> <span class='ocrx_word' id='word_1_239' title='bbox 323 2547 432 2612; x_wconf 87' lang='lat' dir='ltr'><strong>habeat,</strong></span> <span class='ocrx_word' id='word_1_240' title='bbox 444 2547 490 2616; x_wconf 90' lang='lat' dir='ltr'><strong>qui</strong></span> <span class='ocrx_word' id='word_1_241' title='bbox 508 2564 561 2598; x_wconf 92' lang='lat' dir='ltr'><strong>non</strong></span> <span class='ocrx_word' id='word_1_242' title='bbox 579 2546 622 2598; x_wconf 89' lang='lat' dir='ltr'><strong>bis</strong></span> <span class='ocrx_word' id='word_1_243' title='bbox 637 2564 687 2614; x_wconf 91' lang='lat' dir='ltr'><strong>per</strong></span> <span class='ocrx_word' id='word_1_244' title='bbox 703 2563 800 2614; x_wconf 79' lang='lat' dir='ltr'><strong>agaven</strong></span> <span class='ocrx_word' id='word_1_245' title='bbox 813 2545 934 2598; x_wconf 87' lang='lat' dir='ltr'><strong>hostium</strong></span> 
     </span>
     <span class='ocr_line' id='line_1_34' title="bbox 79 2625 825 2694; baseline -0.005 -16"><span class='ocrx_word' id='word_1_246' title='bbox 79 2625 271 2693; x_wconf 88' lang='lat' dir='ltr'><strong>perequitarit.</strong></span> <span class='ocrx_word' id='word_1_247' title='bbox 323 2642 327 2652; x_wconf 95' lang='lat'>·</span> <span class='ocrx_word' id='word_1_248' title='bbox 822 2688 825 2694; x_wconf 31' lang='grc' dir='ltr'>Ι</span> 
     </span>
    </p>

    <p class='ocr_par' dir='ltr' id='par_1_4' title="bbox 77 2696 987 3156">
     <span class='ocr_line' id='line_1_35' title="bbox 132 2696 932 2766; baseline -0.003 -12"><span class='ocrx_word' id='word_1_249' title='bbox 132 2706 173 2757; x_wconf 84' lang='grc'><strong>67.</strong></span> <span class='ocrx_word' id='word_1_250' title='bbox 209 2699 329 2752; x_wconf 83' lang='lat' dir='ltr'><strong>Probata</strong></span> <span class='ocrx_word' id='word_1_251' title='bbox 347 2696 662 2766; x_wconf 87' lang='lat' dir='ltr'><strong>1·eatquc.emnibusad</strong></span> <span class='ocrx_word' id='word_1_252' title='bbox 676 2696 870 2765; x_wconf 90' lang='lat' dir='ltr'><strong>jusjurandum</strong></span> <span class='ocrx_word' id='word_1_253' title='bbox 888 2698 932 2752; x_wconf 91' lang='lat' dir='ltr'><strong>ad·</strong></span> 
     </span>
     <span class='ocr_line' id='line_1_36' title="bbox 79 2766 948 2850; baseline -0.006 -18"><span class='ocrx_word' id='word_1_254' title='bbox 79 2778 155 2844; x_wconf 85' lang='lat' dir='ltr'><strong>actis,</strong></span> <span class='ocrx_word' id='word_1_255' title='bbox 163 2780 274 2844; x_wconf 85' lang='lat' dir='ltr'><strong>postero</strong></span> <span class='ocrx_word' id='word_1_256' title='bbox 287 2775 332 2850; x_wconf 70' lang='lat' dir='ltr'><strong>die</strong></span> <span class='ocrx_word' id='word_1_257' title='bbox 344 2775 440 2828; x_wconf 87' lang='lat' dir='ltr'><strong>intres</strong></span> <span class='ocrx_word' id='word_1_258' title='bbox 452 2777 545 2842; x_wconf 89' lang='lat' dir='ltr'><strong>partes</strong></span> <span class='ocrx_word' id='word_1_259' title='bbox 558 2772 708 2827; x_wconf 88' lang='lat' dir='ltr'><strong>distribute</strong></span> <span class='ocrx_word' id='word_1_260' title='bbox 720 2773 852 2842; x_wconf 84' lang='lat' dir='ltr'><strong>equitatu,</strong></span> <span class='ocrx_word' id='word_1_261' title='bbox 863 2766 948 2842; x_wconf 66' lang='lat' dir='ltr'><strong>{luae¹</strong></span> 
     </span>
     <span class='ocr_line' id='line_1_37' title="bbox 79 2849 934 2918; baseline -0.007 -9"><span class='ocrx_word' id='word_1_262' title='bbox 79 2872 109 2909; x_wconf 88' lang='lat' dir='ltr'><strong>se</strong></span> <span class='ocrx_word' id='word_1_263' title='bbox 132 2855 204 2907; x_wconf 86' lang='lat' dir='ltr'><strong>acies</strong></span> <span class='ocrx_word' id='word_1_264' title='bbox 227 2852 262 2905; x_wconf 88' lang='lat' dir='ltr'><strong>ab</strong></span> <span class='ocrx_word' id='word_1_265' title='bbox 287 2852 393 2906; x_wconf 91' lang='lat' dir='ltr'><strong>duobus</strong></span> <span class='ocrx_word' id='word_1_266' title='bbox 416 2850 550 2904; x_wconf 89' lang='lat' dir='ltr'><strong>lateribus</strong></span> <span class='ocrx_word' id='word_1_267' title='bbox 569 2849 727 2916; x_wconf 87' lang='lat' dir='ltr'><strong>ostendunt,</strong></span> <span class='ocrx_word' id='word_1_268' title='bbox 743 2865 798 2903; x_wconf 78' lang='lat' dir='ltr'><strong>rura</strong></span> <span class='ocrx_word' id='word_1_269' title='bbox 814 2850 934 2918; x_wconf 87' lang='lat' dir='ltr'><strong>aprime</strong></span> 
     </span>
     <span class='ocr_line' id='line_1_38' title="bbox 79 2925 935 2999; baseline -0.005 -16"><span class='ocrx_word' id='word_1_270' title='bbox 79 2931 188 2999; x_wconf 83' lang='lat' dir='ltr'><strong>agmine</strong></span> <span class='ocrx_word' id='word_1_271' title='bbox 206 2930 260 2983; x_wconf 91' lang='lat' dir='ltr'><strong>iter</strong></span> <span class='ocrx_word' id='word_1_272' title='bbox 278 2928 411 2998; x_wconf 89' lang='lat' dir='ltr'><strong>impedire</strong></span> <span class='ocrx_word' id='word_1_273' title='bbox 429 2928 526 2997; x_wconf 89' lang='lat' dir='ltr'><strong>coepit.</strong></span> <span class='ocrx_word' id='word_1_274' title='bbox 564 2928 624 2992; x_wconf 86' lang='lat' dir='ltr'><strong>Qua</strong></span> <span class='ocrx_word' id='word_1_275' title='bbox 641 2943 672 2981; x_wconf 90' lang='lat' dir='ltr'><strong>rc</strong></span> <span class='ocrx_word' id='word_1_276' title='bbox 689 2925 817 2979; x_wconf 82' lang='lat' dir='ltr'><strong>nunciata</strong></span> <span class='ocrx_word' id='word_1_277' title='bbox 834 2925 935 2980; x_wconf 80' lang='lat' dir='ltr'><strong>Caesar</strong></span> 
     </span>
     <span class='ocr_line' id='line_1_39' title="bbox 80 3000 956 3077; baseline -0.013 -17"><span class='ocrx_word' id='word_1_278' title='bbox 80 3024 158 3060; x_wconf 90' lang='lat' dir='ltr'><strong>suum</strong></span> <span class='ocrx_word' id='word_1_279' title='bbox 172 3023 282 3076; x_wconf 90' lang='lat' dir='ltr'><strong>quoque</strong></span> <span class='ocrx_word' id='word_1_280' title='bbox 297 3007 452 3077; x_wconf 88' lang='lat' dir='ltr'><strong>equitatum</strong></span> <span class='ocrx_word' id='word_1_281' title='bbox 469 3005 613 3077; x_wconf 89' lang='lat' dir='ltr'><strong>tripertito</strong></span> <span class='ocrx_word' id='word_1_282' title='bbox 630 3005 757 3058; x_wconf 73' lang='lat' dir='ltr'><strong>divisura</strong></span> <span class='ocrx_word' id='word_1_283' title='bbox 769 3000 956 3077; x_wconf 42' lang='lat' dir='ltr'><strong>centenses-</strong></span> 
     </span>
     <span class='ocr_line' id='line_1_40' title="bbox 77 3065 987 3156; baseline 0.001 -21"><span class='ocrx_word' id='word_1_284' title='bbox 77 3089 132 3135; x_wconf 79' lang='lat' dir='ltr'><strong>tem</strong></span> <span class='ocrx_word' id='word_1_285' title='bbox 142 3083 278 3155; x_wconf 66' lang='lat' dir='ltr'><strong>ircjubct.</strong></span> <span class='ocrx_word' id='word_1_286' title='bbox 303 3065 987 3156; x_wconf 40' lang='lat' dir='ltr'><strong>,Pugnaturunaltuncloinrilans&#39;newbffi&#39;&#39;</strong></span> 
     </span>
    </p>
   </div>
   <div class='ocr_carea' id='block_1_3' title="bbox 65 3143 951 3240">
    <p class='ocr_par' dir='ltr' id='par_1_5' title="bbox 65 3143 951 3240">
     <span class='ocr_line' id='line_1_41' title="bbox 65 3143 951 3240; baseline -0.011 -30"><span class='ocrx_word' id='word_1_287' title='bbox 65 3160 180 3213; x_wconf 74' lang='lat' dir='ltr'><strong>sensisti</strong></span> <span class='ocrx_word' id='word_1_288' title='bbox 182 3163 194 3215; x_wconf 89' lang='lat' dir='ltr'><strong>t</strong></span> <span class='ocrx_word' id='word_1_289' title='bbox 206 3177 324 3230; x_wconf 84' lang='lat' dir='ltr'><strong>agmen:</strong></span> <span class='ocrx_word' id='word_1_290' title='bbox 338 3165 558 3240; x_wconf 84' lang='lat' dir='ltr'><strong>impedimenta</strong></span> <span class='ocrx_word' id='word_1_291' title='bbox 565 3162 649 3218; x_wconf 84' lang='lat' dir='ltr'><strong>inter</strong></span> <span class='ocrx_word' id='word_1_292' title='bbox 656 3143 951 3228; x_wconf 61' lang='lat' dir='ltr'><strong>legxoncsseenffi</strong></span> 
     </span>
    </p>
   </div>
   <div class='ocr_carea' id='block_1_4' title="bbox 0 0 1016 3396">
    <p class='ocr_par' dir='ltr' id='par_1_6' title="bbox 0 0 1016 3396">
     <span class='ocr_line' id='line_1_42' title="bbox 0 0 1016 3396; baseline 0 0"><span class='ocrx_word' id='word_1_293' title='bbox 0 0 1016 3396; x_wconf 95' lang='lat' dir='ltr'><strong> </strong></span> 
     </span>
    </p>
   </div>
  </div>
 </body>
</html>
