2018 3396
440 109 549 158 Llnntt
566 110 588 160 I.
906 110 936 155 la

85 187 137 243 sibi
151 187 252 243 Caesar
264 185 439 243 denuntiaret
453 207 483 244 se
498 191 659 244 Aeduorum
674 188 788 256 injurias
802 178 856 241 uon
871 203 937 255 neg-

84 265 228 331 lecturum,
239 263 375 317 neminem
391 281 482 318 secum
495 266 552 320 sine
564 282 613 320 sna
624 265 745 334 pernicie
756 263 937 318 contendisse.

86 341 176 405 Quum
193 341 274 395 vellet
291 340 520 407 congrederetur:
538 342 741 396 intellecturum
760 340 826 408 quid
843 340 936 393 invicti

13 417 18 428 '
86 418 221 487 Germani,
237 416 456 471 exercitatissimi
473 419 501 472 in
520 420 609 483 armis,
628 418 675 486 qui
694 417 767 470 inter
784 433 869 470 annes
886 431 936 470 xrv

84 499 189 549 tectum
201 511 256 548 non
267 493 411 561 subissent,
423 495 528 549 virtute
540 497 660 565 possent.
785 553 791 561 ,

136 577 177 630 37.
214 571 668 641 Haeccodemtenrpore·0aesa1·i
687 570 817 624 mandata
834 569 936 623 refere-

84 646 185 701 bantur
205 650 234 701 et
256 647 341 716 legati
361 647 396 700 ab
417 648 523 702 Aeduis
544 654 573 702 ct
594 664 611 700 a
632 647 750 700 Treviris
770 645 934 700 veniebant:

86 723 178 778 Aedui
198 727 326 792 questum
346 725 420 792 quod
441 725 571 779 Harudes
592 724 640 794 qui
663 740 750 791 nuper
769 723 798 775 in
820 722 935 776 Galliam

84 799 264 869 transportati
282 805 374 855 essent
392 801 459 855 fines
477 819 571 855 eorum
589 802 786 870 popularentur
796 821 803 865 ;
822 815 882 852 sese
900 814 935 852 ne

980 507 993 537 A

83 875 224 928 obsidibus
242 875 354 943 quidem
370 876 443 930 datis
456 894 551 946 pacem
564 877 697 931 Ariovisti
708 876 844 930 redimere
856 877 935 942 potu·
982 928 987 936 ,

82 951 153 1005 isse:
172 952 275 1006 Treviri
293 955 387 1006 autern
401 969 491 1021 pagos
510 957 620 1008 eentum
639 953 789 1007 Sacrorum
806 951 843 1005 ad
860 951 934 1019 ripas
968 947 978 967 ‘⁴

84 1027 174 1080 Rheni
190 1027 345 1081 consedisse
358 1028 405 1096 qui
418 1029 544 1083 Rhenum
561 1031 678 1083 transire
694 1031 874 1093 conarentur3
891 1026 934 1079 nis

83 1119 211 1172 praeesse
225 1103 347 1157 Nasuam
363 1107 392 1157 et
409 1104 576 1159 Cimberium
591 1107 699 1160 fratres.
736 1104 841 1169 Quibus
852 1102 934 1157 rebus

85 1181 186 1234 Caesar
202 1181 377 1236 vehementer
393 1187 543 1236 commotus
561 1182 755 1237 maturandum
772 1181 825 1235 sibi
841 1180 933 1234 existi-

83 1256 176 1325 mavit,
185 1273 227 1324 ne,
236 1257 258 1310 si
271 1273 342 1311 nova
353 1275 449 1312 manus
462 1258 612 1313 Suevorum
625 1276 687 1312 cum
699 1257 838 1311 veteribus
849 1257 933 1324 copiis

84 1332 216 1385 Ariovisti
234 1350 294 1387 sese
312 1334 504 1403 conjunxisset,
522 1335 611 1388 minus
629 1335 708 1388 facile
725 1333 815 1386 resisti
833 1338 932 1400 posset.

84 1408 184 1475 ltaque
197 1424 227 1461 re
238 1409 416 1463 frumentaria
428 1427 510 1477 quam
523 1410 662 1463 celerrime
673 1409 764 1478 potuit
776 1415 932 1475 comparata

82 1484 188 1550 magnis
199 1483 343 1538 itineribus
355 1485 391 1538 ad
404 1486 571 1539 Ariovistum
584 1485 730 1557 contendit.

135 1564 176 1613 38.
212 1560 302 1624 Quum
322 1561 408 1615 tridui
426 1562 497 1615 viam
515 1561 697 1631 processisset,
716 1560 871 1614 nuntiatum
889 1567 932 1615 cst

82 1634 109 1687 ei
125 1635 293 1689 Ariovistum
312 1653 373 1690 eum
388 1638 444 1692 suis
461 1637 584 1691 omnibus
601 1637 683 1705 copiis
698 1637 735 1691 ad
746 1635 931 1705 occupandum

83 1710 284 1779 Vesontionem,
294 1713 368 1781 quod
380 1717 424 1768 est
434 1712 565 1783 oppidum
578 1713 726 1766 maximum
739 1712 931 1781 Sequanorum,

81 1788 247 1841 contendere
259 1788 400 1858 triduique
411 1790 483 1843 viam
495 1807 511 1843 a
524 1791 579 1843 suis
592 1789 690 1843 finibus
706 1788 859 1856 profecisse.
896 1789 931 1841 ld

81 1878 117 1916 nc
137 1863 274 1917 accideret
294 1880 392 1932 niagno
413 1882 496 1933 opere
517 1866 569 1919 sibi
592 1864 810 1933 praecavendum
832 1864 932 1918 (laesor

82 1938 264 2000 existimabat.
298 1941 425 2008 Namque
442 1942 562 1994 emnium
579 1956 671 1994 rernm
689 1957 759 2009 quae
776 1940 813 1993 ad
830 1939 931 1993 bellum

81 2015 142 2067 risui
163 2018 242 2068 erant
265 2032 371 2068 summa
394 2020 454 2069 erat
475 2017 503 2069 in
527 2033 559 2070 ee
583 2016 682 2086 oppido
705 2016 827 2082 facultas,
846 2014 931 2084 idque

81 2094 180 2144 natura
198 2091 250 2144 loci
269 2091 307 2144 sic
325 2091 499 2165 muniebatur
519 2097 550 2147 ut
571 2109 697 2160 magnam
719 2091 755 2144 ad
776 2091 931 2144 ducendum

81 2164 183 2219 bellum
195 2166 275 2220 daret
287 2167 453 2234 facultatem,
462 2171 607 2237 propterea
619 2167 693 2237 quod
702 2167 802 2220 flumen
813 2165 930 2219 Alduas-

81 2240 163 2295 dubis
181 2248 213 2296 ut
231 2242 331 2297 circino
350 2244 565 2298 circumductum
584 2260 670 2312 paene
690 2246 779 2297 totum
800 2241 928 2309 oppidrun

80 2316 183 2384 cingit3
201 2318 335 2386 reliquum
348 2319 472 2386 spatium,
484 2320 558 2389 quod
574 2323 617 2373 est
631 2335 684 2372 non
698 2317 814 2386 amplius
827 2316 930 2386 pedum

81 2405 117 2446 ne
133 2409 187 2460 qua
203 2393 303 2447 flumen
318 2394 485 2462 intermittit,
498 2412 576 2448 urens
592 2395 714 2448 eontinet
730 2409 828 2462 magna
839 2393 931 2447 altitu-

81 2467 152 2534 dine,
176 2468 216 2521 ita
239 2472 271 2523 ut
294 2469 400 2523 radices
422 2471 522 2526 mentis
546 2487 579 2524 ex
603 2475 722 2538 utraque
746 2474 826 2538 parte
854 2468 931 2537 ripae

80 2543 199 2596 fluminis
218 2544 384 2612 contingant.
420 2545 502 2600 Hunc
520 2563 615 2600 murus
635 2545 819 2600 circumdatus
839 2560 928 2597 arcem

80 2618 163 2672 efficit
183 2621 213 2673 et
233 2635 294 2672 eum
317 2621 416 2689 oppido
436 2620 584 2690 conjungit.
620 2623 683 2676 lluc
702 2623 802 2674 Caesar
824 2619 930 2687 magnis

80 2695 221 2747 nocturnis
237 2695 395 2764 diumisque
411 2696 557 2751 itineribus
577 2698 726 2762 contendit,
746 2699 930 2763 occupatoque

80 2768 180 2838 oppido
190 2769 228 2822 ibi
241 2770 408 2838 praesidium
420 2773 540 2827 collocat.

133 2850 173 2898 39.
210 2845 283 2900 Dum
300 2863 400 2914 paucos
417 2847 476 2902 dics
492 2848 529 2901 ad
549 2849 740 2902 Vesontionem
756 2846 795 2899 rei
811 2845 930 2899 frumen·

80 2919 167 2974 tariae
185 2926 407 2990 commeatusque
425 2940 507 2977 causa
525 2929 655 2990 moratur,
673 2940 708 2976 ex
727 2921 930 2990 percontatione

80 2999 236 3050 nostrerum
263 2997 428 3066 vocibusque
452 2999 591 3053 Gallorum
614 3015 646 3052 ae
669 3001 873 3053 mercatam,
891 2995 951 3052 uqa

80 3069 186 3138 ingenti
214 3073 402 3140 nraoenitudine
429 3091 582 3145 corporum
603 3076 781 3134 ternanos,
796 3053 978 3115 incrassa&

80 3145 182 3202 virtute
198 3150 285 3218 atque
301 3151 511 3208 exercitatione
526 3152 561 3208 in
575 3150 673 3207 arnus
687 3159 758 3202 esse
764 3117 993 3207 passaranum*
