2018 3396
453 116 604 166 LIBERI.
940 124 955 168 9

103 213 200 250 norum
211 196 327 266 imperia
338 197 477 266 perferr03
489 213 578 266 neque
591 197 719 253 dubitare
731 196 865 254 debant*
882 200 953 269 quin,

104 274 128 327 si
154 273 298 327 Helvetios
327 273 515 340 superaverint
539 273 662 343 Romani,
686 291 741 328 una
764 292 826 329 cum
850 277 954 344 reliqua

105 349 193 403 Gallia
218 349 323 403 Aeduis
348 348 505 403 libertatem
534 351 588 403 sint
612 352 740 419 erepturi.
778 351 825 405 Ab
849 353 953 406 eisdem

52 426 57 435 '
103 429 198 480 nostra
219 425 330 479 consilia
352 442 476 494 quaeque
499 426 528 478 in
551 426 648 481 eastris
671 431 803 494 gerantur
829 428 953 481 hostibus

103 502 254 556 enuntiari:
279 503 330 555 hos
351 518 367 555 a
387 519 417 556 se
441 503 560 558 eotrceri
582 519 636 555 non
656 519 743 571 posse.
781 503 953 569 Quinetiam

103 580 177 646 quod
194 579 346 632 necessario
363 596 421 632 rem
438 581 552 632 coactus
573 579 683 632 Caesari
702 580 858 646 enuntiarit,
874 580 955 633 intel-

102 656 188 723 ligere
207 672 267 709 sese
286 659 388 724 quanto
406 655 436 708 irl
455 672 516 709 cnm
536 655 656 725 periculo
675 656 779 723 feeerit,
795 658 824 710 et
839 655 875 708 ob
893 672 953 711 eam

103 748 210 786 causam
223 749 304 799 quam
317 732 497 800 diupotuerit
510 732 633 785 tacuisse.
704 770 708 777 -
992 780 1001 788 „

157 814 195 862 18.
228 809 328 861 Caesar
339 808 519 863 haeomtiono
532 808 603 861 Lisci
615 808 810 876 Dumnorigem
826 809 954 863 Divitiaei

102 884 217 938 fratrem
233 883 369 952 designari
387 884 529 951 sentiebat,
542 884 591 936 sed
603 883 676 952 qnod
687 884 811 952 pluribus
825 901 953 953 praesen-

103 960 177 1014 tibus
186 977 232 1014 eas
248 976 293 1014 res
301 960 402 1029 jactari
413 960 530 1026 nolebat,
538 960 664 1014 celeriter
677 961 817 1014 concilium
827 960 951 1029 dimittit,

104 1036 212 1090 Liscum
232 1037 348 1090 retinet:
374 1036 482 1103 quaerit
501 1053 536 1090 ex
556 1036 611 1089 solo
632 1053 665 1090 ea
683 1053 754 1105 quae
772 1037 800 1090 in
819 1041 953 1092 conventu

104 1111 217 1166 dixerat.
255 1112 328 1167 Dicit
340 1112 451 1167 liberius
463 1115 546 1181 atque
557 1112 692 1167 audacius.
730 1112 833 1167 Eadem
846 1117 952 1167 secreto
983 1108 987 1119 '

104 1189 139 1242 ab
157 1189 215 1243 aliis
233 1190 356 1257 quaerit;
374 1189 477 1258 reperit
495 1205 555 1244 esse
575 1205 655 1243 vera:
675 1189 770 1258 lpsnm
789 1206 848 1243 esse
868 1189 953 1244 Dum-

103 1266 231 1332 norigem,
248 1282 353 1318 summa
371 1264 489 1332 audacia,
506 1280 605 1332 magna
620 1264 694 1333 apud
712 1264 820 1333 plebem
839 1267 952 1334 propter

103 1341 296 1413 liberalitatem
305 1342 401 1409 gratia,
408 1341 536 1410 cupidmn
545 1358 637 1397 rerum
645 1357 788 1395 novarum:
800 1341 952 1409 complures

103 1435 188 1471 annos
206 1418 327 1487 portoria
345 1418 502 1486 reliquaque
523 1417 612 1474 omnia
631 1417 792 1470 Aeduorum
810 1417 953 1485 vectigalia

103 1510 188 1562 parvo
215 1492 304 1561 pretio
332 1494 474 1563 redempta
501 1493 610 1561 habere,
633 1497 779 1562 propterea
807 1493 880 1560 quod
906 1493 952 1548 illo

103 1570 203 1623 licente
222 1573 317 1622 contra
332 1569 408 1623 liceri
425 1569 527 1623 audeat
542 1585 629 1626 nemo.
668 1569 720 1622 His
736 1568 818 1622 rebus
834 1571 863 1622 et
876 1585 951 1623 snam

104 1659 163 1698 rem
186 1645 346 1701 familiarem
369 1646 477 1700 auxisse
500 1649 530 1703 et
552 1646 698 1701 facultates
721 1645 758 1700 ad
781 1644 952 1713 largiendum

104 1738 216 1790 magnas
234 1738 422 1790 comparasse3
439 1739 566 1790 magnum
584 1739 727 1778 numerum
747 1722 885 1790 aquatus
904 1738 952 1776 suo

105 1802 215 1866 sumptu
231 1813 339 1866 sempor
354 1799 428 1852 alere
445 1802 474 1852 et
490 1799 590 1853 circum
603 1814 632 1851 so
643 1797 753 1865 habero,
765 1814 853 1867 neque
866 1797 952 1854 solum

105 1873 179 1927 domi
196 1874 342 1928 sedetiam
359 1875 433 1943 apud
451 1874 580 1930 finitimas
596 1875 720 1928 civitates
737 1874 849 1942 largiter
865 1891 952 1942 posse,

105 1953 188 2019 atque
214 1949 295 2018 hujus
319 1950 458 2018 potentiae
482 1966 563 2004 causa
585 1954 701 2005 matrem
728 1951 757 2004 in
783 1950 953 2018 Biturigibus

104 2025 206 2078 homini
218 2025 273 2082 illie
284 2024 449 2079 nobilissimo
463 2043 494 2079 ac
505 2026 694 2094 potentissimo
702 2027 853 2094 collocasse,
864 2027 952 2095 ipsum

105 2118 139 2154 er
152 2101 287 2157 Helvetiis
295 2119 408 2155 uxorem
421 2102 529 2169 habere,
538 2119 658 2156 sororem
670 2120 703 2157 ox
711 2106 800 2158 matre
809 2107 838 2157 et
846 2105 954 2172 propin-

105 2194 172 2245 quas
190 2194 252 2232 suas
269 2182 384 2247 nuptum
402 2179 430 2231 in
448 2178 515 2232 alias
532 2178 654 2233 civitates
667 2180 816 2234 collocasse.
848 2179 953 2234 Favere

105 2257 134 2308 ot
146 2271 244 2323 cupere
254 2255 389 2308 Helvetiis
400 2258 514 2323 propter
526 2272 586 2308 eam
595 2255 762 2323 affinitatem,
771 2256 861 2309 odisse
870 2257 953 2309 etiam

105 2347 153 2384 suo
164 2331 273 2384 nomine
285 2332 429 2385 Gaesarem
443 2336 472 2384 et
487 2332 624 2385 Romanos
638 2331 710 2400 quod
726 2348 819 2386 eorum
834 2332 955 2386 adventu

105 2406 229 2474 potentia
240 2406 300 2474 ejus
314 2406 455 2460 deminuta
467 2410 495 2461 et
509 2407 659 2462 Diuitiaene
671 2409 757 2462 frater
768 2408 796 2461 in
812 2409 954 2477 antiquum

104 2482 193 2536 locum
216 2483 321 2550 gratiae
344 2486 428 2550 atque
451 2483 560 2538 honeris
584 2484 620 2538 sit
643 2485 794 2538 restitutus.
831 2484 860 2538 si
888 2485 955 2553 quid

105 2557 211 2612 accidat
225 2559 363 2626 Romanis,
375 2564 507 2613 summam
521 2560 549 2613 in
566 2577 641 2629 spem
656 2577 706 2628 per
724 2561 866 2614 Helvetios
878 2562 955 2628 regni

105 2633 245 2687 obtinendi
259 2635 368 2700 venire;
386 2635 501 2704 imperio
515 2637 607 2705 populi
623 2637 736 2690 Romani
751 2653 804 2689 non
820 2635 902 2690 modo
920 2638 955 2690 de

105 2726 190 2777 regno
208 2710 258 2764 sed
278 2711 360 2765 etiam
378 2711 414 2764 do
433 2729 466 2766 ea
481 2730 562 2781 quam
577 2713 678 2766 habeat
694 2713 782 2780 gratia
801 2712 954 2780 desperaro.

106 2785 273 2855 Reperiebat
289 2789 372 2841 etiam
388 2788 415 2841 in
432 2789 588 2858 quaerendo
609 2790 715 2854 Caesar,
731 2788 806 2856 quod
821 2789 954 2857 proelium

106 2865 234 2930 equestre
256 2863 400 2918 adversum
427 2865 519 2933 paucis
542 2869 606 2919 ante
630 2865 727 2919 dicbus
751 2867 825 2917 osset
845 2865 955 2928 factum,

105 2938 212 2992 initium
238 2939 297 3008 ejus
324 2940 406 3009 fugae
428 2941 570 3001 factuma
594 2942 768 3008 Dumnorige
784 2944 867 3007 atque
896 2941 956 3008 ejus

105 3013 259 3083 equitibus;
283 3033 345 3070 nam
364 3018 496 3086 equitatui
514 3035 596 3086 quem
615 3018 715 3072 anxilio
735 3015 857 3069 (laesuri
869 3015 979 3062 mem

106 3091 237 3145 miserant
250 3091 399 3147 Dumnorix
412 3097 562 3164 praeerat,
574 3088 923 3159 commingasmmm
930 3088 1003 3126 W

104 3167 253 3235 equitatum
265 3172 460 3240 perterritum.
