2018 3396
382 121 492 170 LIBER
514 122 595 171 VIII.
886 129 932 176 165

78 200 153 270 pacis
173 199 338 257 adducebat.
368 201 427 255 'lali
446 195 600 258 coriditione
621 206 762 274 proposita
783 205 933 276 Bituriges,

79 294 163 346 quum
179 277 231 330 sibi
248 277 376 332 riderent
395 278 542 334 clementia
558 280 684 335 Caesaris
699 282 822 336 reditum
835 286 933 352 patere

78 355 106 409 in
127 353 187 423 ejus
203 354 360 422 amicitiam,
373 355 559 425 finitimasque
571 356 697 412 civitates
710 359 768 413 sino
777 359 834 412 ulla
844 376 934 428 poena

79 431 188 486 dedisse
212 431 323 486 obsides
337 433 433 500 ⁴atque
454 433 483 487 in
508 432 592 487 fidem
615 439 742 504 receptas
765 451 834 504 esse,
858 435 932 490 idem

78 511 210 563 fecerunt.

129 592 153 640 4.
189 584 290 638 Caesar
311 583 444 638 militibus
467 600 517 652 pro
534 588 613 639 tanto
631 584 724 640 labore
741 602 773 640 ac
790 587 932 656 patientia,

77 662 126 732 qui
138 660 308 714 brumalibus
320 659 424 726 diebus,
438 660 583 714 itineribus
599 661 771 729 difficillimis,
783 663 932 731 frigoribus

77 738 263 804 intolerandis,
272 736 472 792 studiosissime
483 743 691 805 permanserant
702 739 730 792 in
740 738 841 806 laboro,
851 742 932 795 duce-

77 833 126 872 nos
141 817 291 886 sestertios,
303 813 508 870 centurionibus
524 829 548 868 11
563 816 639 869 milia
654 833 795 870 nummum
812 818 932 886 pmcdrrc

76 894 185 949 nominc
193 893 374 949 condonanda
385 892 543 962 pollicetur;
559 892 765 962 legionibusque
776 893 805 946 in
817 893 930 949 lribenm

77 971 199 1026 remissis
216 972 276 1041 ipse
294 989 323 1026 se
341 971 440 1039 recipit
454 970 499 1024 die
513 986 592 1024 xxxx
610 970 746 1024 Bibracte.
784 969 829 1032 lbi
845 988 929 1038 quum

72 1047 121 1115 jus
133 1048 247 1116 diceret,
260 1048 401 1116 Bituriges
412 1047 449 1101 ad
466 1064 529 1102 eum
545 1046 650 1115 legatos
667 1043 782 1100 mittunt
798 1047 929 1102 auxilium

76 1124 194 1192 petitum
217 1128 314 1180 contra
336 1125 477 1190 Carnutes,
501 1139 569 1192 quos
592 1123 715 1177 intulisse
744 1121 845 1176 bellum
877 1123 929 1178 sibi

76 1200 272 1271 querebantur.
309 1201 370 1265 Qua
387 1216 418 1254 re
435 1199 545 1266 cognita
561 1216 644 1268 quum
661 1215 716 1252 non
733 1199 849 1267 amplius
865 1217 884 1252 x
900 1209 930 1255 ct

75 1290 130 1330 mn
143 1276 242 1332 diesin
255 1276 375 1332 hibernis
386 1279 460 1330 esset
470 1280 659 1343 commoratus,
671 1275 791 1342 legiones
802 1290 852 1329 xrv
861 1279 890 1329 et
899 1291 929 1330 vr

75 1369 110 1406 ex
128 1352 249 1407 hibernis
266 1352 301 1406 ab
318 1354 407 1406 Arare
423 1350 524 1417 educit,
541 1367 609 1420 quas
626 1351 664 1404 ibi
681 1350 825 1405 collocatas
843 1352 928 1420 expli-

75 1429 180 1484 candae
202 1430 243 1484 roi
261 1427 457 1483 frumentariae
474 1443 556 1480 cerusa
574 1427 714 1496 superiore
731 1428 927 1482 commentario

76 1505 293 1561 ‹lemenstratum
305 1508 355 1559 est.
393 1504 438 1558 lta
449 1519 510 1557 cum
527 1502 633 1558 duabus
648 1502 800 1572 legionibus
816 1503 851 1558 ad
865 1520 927 1573 per-

74 1582 229 1650 sequendos
240 1581 375 1636 Carnutes
386 1579 574 1648 proficiscitur.

127 1664 151 1712 5.
188 1657 279 1722 Quum
301 1658 374 1711 sama
393 1656 530 1710 exereitus
548 1655 585 1710 ad
603 1656 697 1710 hostes
715 1659 800 1710 csset‘
811 1655 925 1725 perlata,

74 1733 232 1789 calamitate
242 1739 395 1788 ceterorum
408 1732 484 1787 ducti
495 1733 638 1798 Carnutes,
649 1732 767 1786 desertis
778 1732 844 1785 vicis
852 1733 928 1802 oppi-

75 1811 180 1879 disque,
192 1826 263 1878 quae
274 1809 433 1863 tolerandae
445 1809 542 1862 hiemis
554 1824 640 1874 cansa
648 1808 805 1862 constitutis
814 1813 928 1878 repente

75 1886 181 1954 exiguis
189 1885 225 1939 ad
234 1885 425 1940 necessitatem
433 1884 571 1951 aedificiis,
580 1883 743 1950 incolebant,
751 1887 848 1953 (nuper
855 1885 926 1940 enirn

75 1962 177 2017 devicti
191 1962 331 2030 complura
343 1960 442 2029 oppida
454 1959 619 2026 amiserant.)
632 1959 748 2030 dispersi
760 1961 927 2030 profugiunt.

76 2039 178 2093 Caesar
189 2041 365 2107 erumpentes
377 2053 410 2091 eo
421 2037 541 2090 niaxime
556 2039 682 2106 tempore
697 2037 843 2092 acerrimas
859 2042 927 2093 tem-

74 2118 198 2184 pestates
209 2130 293 2183 quum
305 2112 396 2166 subire
407 2112 509 2166 milites
520 2111 613 2178 nollet,
623 2112 651 2166 in
663 2113 764 2182 oppido
774 2113 924 2170 Carnutum

76 2190 188 2246 Cenabo
208 2194 298 2245 castra
320 2190 398 2259 ponit
421 2193 505 2258 atquo
522 2188 550 2241 in
567 2191 642 2242 tecta
657 2189 759 2257 partim
777 2191 925 2258 Gallorum,
946 2216 949 2220 ·

75 2268 175 2337 partim
192 2284 263 2337 quae
279 2265 411 2334 conjectis
428 2264 554 2318 celeriter
570 2265 730 2319 stramentis
745 2267 925 2321 tentoriorum

74 2343 285 2412 integendorum
296 2343 386 2410 gratia
396 2344 475 2396 cram
486 2339 668 2408 inaedificata,
678 2341 777 2395 milites
789 2344 924 2411 contegit:

75 2421 182 2488 equites
205 2423 308 2474 tauron
322 2419 353 2472 et
376 2415 532 2470 auxiliarios
549 2415 659 2484 pedites
676 2417 704 2470 in
722 2433 815 2472 omnes
831 2423 926 2487 partes

44 2505 48 2513 ’
74 2496 161 2549 mittit
173 2509 358 2563 quascumque
369 2491 472 2561 petisse
488 2491 651 2546 dicebantur
666 2491 773 2549 hostes:
790 2511 841 2548 nec
857 2495 926 2550 frus-

75 2576 125 2634 tra,
138 2587 202 2623 nam
218 2569 381 2638 plerumque
395 2583 495 2634 magna
509 2565 613 2634 pracda
631 2568 711 2636 potiti
729 2569 816 2623 nostri
833 2587 925 2626 rever-

74 2650 178 2700 tuntur.
214 2644 344 2713 Oppressi
364 2643 497 2698 Carnutes
516 2641 613 2696 hiemis
634 2643 800 2712 difficultate,
819 2649 926 2702 terrore

74 2720 195 2790 periculi,
203 2737 288 2791 quum
299 2720 381 2774 tectis
392 2718 498 2787 expulsi
509 2716 584 2772 nullo
595 2717 653 2774 loco
666 2720 769 2774 diutins
777 2723 925 2778 consistere

75 2798 216 2865 auderent,
232 2812 284 2852 nec
304 2796 433 2850 silvarum
452 2793 590 2864 pracsidio
605 2796 817 2864 tempestatibus
835 2798 924 2854 duris-

74 2874 149 2928 simis
161 2875 219 2944 tegi
230 2875 349 2944 possent,
359 2871 475 2941 dispersi
487 2886 586 2938 magna
601 2876 681 2941 parto
698 2872 797 2928 amissa
813 2891 924 2930 suorum

74 2950 242 3019 dissipantur
253 2949 281 3004 in
293 2948 423 3003 finitimas
433 2948 567 3003 civitates.

126 3033 149 3081 6.
184 3028 285 3083 Cacsar
299 3029 425 3097 tempore
441 3024 509 3081 amn
522 3022 689 3078 diffieilirme
704 3037 801 3087 uuam
810 3013 978 3098 satssbyej

67 3103 148 3160 beret
171 3106 371 3165 convenientes
392 3122 510 3163 manus-
523 3100 740 3171 disdpmffi
757 3088 846 3158 <iffi
859 3085 978 3186 mxi}

59 3179 128 3239 belli
140 3193 321 3262 nasceretur,
331 3181 588 3262 quantumquein
592 3177 719 3234 ramosa
724 3151 953 3222 assemsum*
