<?xml version="1.0" encoding="UTF-8"?>
<!DOCTYPE html PUBLIC "-//W3C//DTD XHTML 1.0 Transitional//EN"
    "http://www.w3.org/TR/xhtml1/DTD/xhtml1-transitional.dtd">
<html xmlns="http://www.w3.org/1999/xhtml" xml:lang="en" lang="en">
 <head>
  <title>
</title>
<meta http-equiv="Content-Type" content="text/html;charset=utf-8" />
  <meta name='ocr-system' content='tesseract 3.04.00' />
  <meta name='ocr-capabilities' content='ocr_page ocr_carea ocr_par ocr_line ocrx_word'/>
</head>
<body>
  <div class='ocr_page' id='page_1' title='image "./cjuliicaesarisc00caesgoog_0174.png"; bbox 0 0 2018 3396; ppageno 0'>
   <div class='ocr_carea' id='block_1_1' title="bbox 423 134 970 194">
    <p class='ocr_par' dir='ltr' id='par_1_1' title="bbox 423 134 970 194">
     <span class='ocr_line' id='line_1_1' title="bbox 423 134 970 194; baseline 0 0"><span class='ocrx_word' id='word_1_1' title='bbox 423 134 426 146; x_wconf 65' lang='lat'><strong>⁴</strong></span> <span class='ocrx_word' id='word_1_2' title='bbox 451 144 563 194; x_wconf 76' lang='lat' dir='ltr'>amsa</span> <span class='ocrx_word' id='word_1_3' title='bbox 580 144 645 194; x_wconf 85' lang='lat' dir='ltr'>vu.</span> <span class='ocrx_word' id='word_1_4' title='bbox 926 147 970 194; x_wconf 81' lang='lat'>161</span> 
     </span>
    </p>
   </div>
   <div class='ocr_carea' id='block_1_2' title="bbox 95 222 991 1591">
    <p class='ocr_par' dir='ltr' id='par_1_2' title="bbox 95 222 974 676">
     <span class='ocr_line' id='line_1_2' title="bbox 95 222 973 296; baseline 0.003 -18"><span class='ocrx_word' id='word_1_5' title='bbox 95 266 98 273; x_wconf 94' lang='lat'><em>.</em></span> <span class='ocrx_word' id='word_1_6' title='bbox 116 225 255 293; x_wconf 80' lang='lat' dir='ltr'>fastigium</span> <span class='ocrx_word' id='word_1_7' title='bbox 276 241 405 292; x_wconf 83' lang='lat' dir='ltr'>magnum</span> <span class='ocrx_word' id='word_1_8' title='bbox 425 222 511 278; x_wconf 89' lang='lat' dir='ltr'>habet</span> <span class='ocrx_word' id='word_1_9' title='bbox 528 230 705 280; x_wconf 91' lang='lat' dir='ltr'>momentum.</span> <span class='ocrx_word' id='word_1_10' title='bbox 741 226 797 280; x_wconf 80' lang='lat' dir='ltr'>Alii</span> <span class='ocrx_word' id='word_1_11' title='bbox 814 226 872 280; x_wconf 90' lang='lat' dir='ltr'>tela</span> <span class='ocrx_word' id='word_1_12' title='bbox 888 227 973 296; x_wconf 69' lang='lat' dir='ltr'>conji«</span> 
     </span>
     <span class='ocr_line' id='line_1_3' title="bbox 116 301 974 370; baseline 0.005 -16"><span class='ocrx_word' id='word_1_13' title='bbox 116 303 208 366; x_wconf 83' lang='lat' dir='ltr'>ciunt3</span> <span class='ocrx_word' id='word_1_14' title='bbox 220 301 265 354; x_wconf 89' lang='lat' dir='ltr'>alii</span> <span class='ocrx_word' id='word_1_15' title='bbox 277 301 418 355; x_wconf 73' lang='lat' dir='ltr'><strong>testudine</strong></span> <span class='ocrx_word' id='word_1_16' title='bbox 433 301 505 355; x_wconf 83' lang='lat' dir='ltr'>iacta</span> <span class='ocrx_word' id='word_1_17' title='bbox 518 302 653 367; x_wconf 90' lang='lat' dir='ltr'>subeuut;</span> <span class='ocrx_word' id='word_1_18' title='bbox 669 301 829 370; x_wconf 79' lang='lat' dir='ltr'><strong>defatigatis</strong></span> <span class='ocrx_word' id='word_1_19' title='bbox 844 303 873 356; x_wconf 93' lang='lat' dir='ltr'>in</span> <span class='ocrx_word' id='word_1_20' title='bbox 884 305 974 358; x_wconf 86' lang='lat' dir='ltr'>vicem</span> 
     </span>
     <span class='ocr_line' id='line_1_4' title="bbox 118 375 972 446; baseline 0.004 -16"><span class='ocrx_word' id='word_1_21' title='bbox 118 377 219 446; x_wconf 79' lang='lat' dir='ltr'><strong>integri</strong></span> <span class='ocrx_word' id='word_1_22' title='bbox 236 376 395 431; x_wconf 83' lang='lat' dir='ltr'>succedunt</span> <span class='ocrx_word' id='word_1_23' title='bbox 431 379 527 446; x_wconf 81' lang='lat' dir='ltr'>Agger</span> <span class='ocrx_word' id='word_1_24' title='bbox 543 377 578 431; x_wconf 92' lang='lat' dir='ltr'>ab</span> <span class='ocrx_word' id='word_1_25' title='bbox 595 375 732 432; x_wconf 74' lang='lat' dir='ltr'>universis</span> <span class='ocrx_word' id='word_1_26' title='bbox 748 380 777 433; x_wconf 93' lang='lat' dir='ltr'>in</span> <span class='ocrx_word' id='word_1_27' title='bbox 793 379 972 434; x_wconf 89' lang='lat' dir='ltr'>munitionem</span> 
     </span>
     <span class='ocr_line' id='line_1_5' title="bbox 116 453 972 523; baseline 0.002 -15"><span class='ocrx_word' id='word_1_28' title='bbox 116 453 257 522; x_wconf 90' lang='lat' dir='ltr'>conjectus</span> <span class='ocrx_word' id='word_1_29' title='bbox 271 456 300 508; x_wconf 90' lang='lat' dir='ltr'>et</span> <span class='ocrx_word' id='word_1_30' title='bbox 314 469 457 508; x_wconf 87' lang='lat' dir='ltr'>ascensum</span> <span class='ocrx_word' id='word_1_31' title='bbox 472 454 521 508; x_wconf 90' lang='lat' dir='ltr'>dat</span> <span class='ocrx_word' id='word_1_32' title='bbox 537 453 624 508; x_wconf 88' lang='lat' dir='ltr'>Gallis</span> <span class='ocrx_word' id='word_1_33' title='bbox 639 458 669 509; x_wconf 92' lang='lat' dir='ltr'>et</span> <span class='ocrx_word' id='word_1_34' title='bbox 686 471 805 523; x_wconf 88' lang='lat' dir='ltr'>eaquae</span> <span class='ocrx_word' id='word_1_35' title='bbox 822 454 850 509; x_wconf 91' lang='lat' dir='ltr'>in</span> <span class='ocrx_word' id='word_1_36' title='bbox 868 459 972 510; x_wconf 86' lang='lat' dir='ltr'>terram</span> 
     </span>
     <span class='ocr_line' id='line_1_6' title="bbox 116 529 974 612; baseline 0 -28"><span class='ocrx_word' id='word_1_37' title='bbox 116 530 320 584; x_wconf 72' lang='lat' dir='ltr'>occultaverant</span> <span class='ocrx_word' id='word_1_38' title='bbox 330 531 446 584; x_wconf 84' lang='lat' dir='ltr'>Romani</span> <span class='ocrx_word' id='word_1_39' title='bbox 456 529 718 599; x_wconf 81' lang='lat' dir='ltr'>contegitzneejam</span> <span class='ocrx_word' id='word_1_40' title='bbox 728 547 804 585; x_wconf 90' lang='lat' dir='ltr'>arma</span> <span class='ocrx_word' id='word_1_41' title='bbox 812 532 914 586; x_wconf 88' lang='lat' dir='ltr'>nostris</span> <span class='ocrx_word' id='word_1_42' title='bbox 923 548 974 612; x_wconf 71' lang='lat' dir='ltr'>neq</span> 
     </span>
     <span class='ocr_line' id='line_1_7' title="bbox 117 607 361 676; baseline 0 -16"><span class='ocrx_word' id='word_1_43' title='bbox 117 607 190 660; x_wconf 85' lang='lat' dir='ltr'>vires</span> <span class='ocrx_word' id='word_1_44' title='bbox 202 609 361 676; x_wconf 89' lang='lat' dir='ltr'>suppetunt.</span> 
     </span>
    </p>

    <p class='ocr_par' dir='ltr' id='par_1_3' title="bbox 116 682 991 1516">
     <span class='ocr_line' id='line_1_8' title="bbox 169 682 972 750; baseline 0.001 -13"><span class='ocrx_word' id='word_1_45' title='bbox 169 685 210 738; x_wconf 83' lang='lat'>86.</span> <span class='ocrx_word' id='word_1_46' title='bbox 248 683 300 736; x_wconf 89' lang='lat' dir='ltr'>His</span> <span class='ocrx_word' id='word_1_47' title='bbox 312 682 396 736; x_wconf 90' lang='lat' dir='ltr'>robus</span> <span class='ocrx_word' id='word_1_48' title='bbox 405 683 521 750; x_wconf 76' lang='lat' dir='ltr'>cognitis</span> <span class='ocrx_word' id='word_1_49' title='bbox 531 684 632 738; x_wconf 83' lang='lat' dir='ltr'>Caesar</span> <span class='ocrx_word' id='word_1_50' title='bbox 642 682 794 738; x_wconf 73' lang='lat' dir='ltr'><strong>Labienum</strong></span> <span class='ocrx_word' id='word_1_51' title='bbox 805 699 868 737; x_wconf 87' lang='lat' dir='ltr'>eum</span> <span class='ocrx_word' id='word_1_52' title='bbox 880 683 972 738; x_wconf 54' lang='lat' dir='ltr'>cohors</span> 
     </span>
     <span class='ocr_line' id='line_1_9' title="bbox 116 759 974 829; baseline 0.001 -16"><span class='ocrx_word' id='word_1_53' title='bbox 116 759 191 814; x_wconf 90' lang='lat' dir='ltr'>tibus</span> <span class='ocrx_word' id='word_1_54' title='bbox 208 776 257 814; x_wconf 84' lang='lat' dir='ltr'>sex</span> <span class='ocrx_word' id='word_1_55' title='bbox 271 759 394 813; x_wconf 90' lang='lat' dir='ltr'>subsidio</span> <span class='ocrx_word' id='word_1_56' title='bbox 412 759 599 815; x_wconf 77' lang='lat' dir='ltr'>laborantibus</span> <span class='ocrx_word' id='word_1_57' title='bbox 616 761 717 815; x_wconf 91' lang='lat' dir='ltr'>mittit:</span> <span class='ocrx_word' id='word_1_58' title='bbox 732 761 858 829; x_wconf 88' lang='lat' dir='ltr'>imporat,</span> <span class='ocrx_word' id='word_1_59' title='bbox 877 760 900 813; x_wconf 90' lang='lat' dir='ltr'>si</span> <span class='ocrx_word' id='word_1_60' title='bbox 915 777 974 814; x_wconf 89' lang='lat' dir='ltr'>sus-</span> 
     </span>
     <span class='ocr_line' id='line_1_10' title="bbox 116 835 974 906; baseline 0.001 -16"><span class='ocrx_word' id='word_1_61' title='bbox 116 836 206 890; x_wconf 89' lang='lat' dir='ltr'>tinere</span> <span class='ocrx_word' id='word_1_62' title='bbox 218 853 271 889; x_wconf 91' lang='lat' dir='ltr'>non</span> <span class='ocrx_word' id='word_1_63' title='bbox 280 835 374 905; x_wconf 81' lang='lat' dir='ltr'>possit,</span> <span class='ocrx_word' id='word_1_64' title='bbox 389 835 516 890; x_wconf 90' lang='lat' dir='ltr'>deductis</span> <span class='ocrx_word' id='word_1_65' title='bbox 528 836 686 891; x_wconf 79' lang='lat' dir='ltr'>cohortibus</span> <span class='ocrx_word' id='word_1_66' title='bbox 698 837 842 906; x_wconf 81' lang='lat' dir='ltr'>eruptione</span> <span class='ocrx_word' id='word_1_67' title='bbox 853 839 974 906; x_wconf 88' lang='lat' dir='ltr'>pugnet;</span> 
     </span>
     <span class='ocr_line' id='line_1_11' title="bbox 117 912 972 983; baseline 0.001 -17"><span class='ocrx_word' id='word_1_68' title='bbox 117 913 147 966; x_wconf 89' lang='lat' dir='ltr'>id</span> <span class='ocrx_word' id='word_1_69' title='bbox 159 913 212 967; x_wconf 92' lang='lat' dir='ltr'>nisi</span> <span class='ocrx_word' id='word_1_70' title='bbox 224 912 378 966; x_wconf 87' lang='lat' dir='ltr'>necessario</span> <span class='ocrx_word' id='word_1_71' title='bbox 392 929 428 966; x_wconf 90' lang='lat' dir='ltr'>ne</span> <span class='ocrx_word' id='word_1_72' title='bbox 442 912 532 967; x_wconf 84' lang='lat' dir='ltr'>faciat.</span> <span class='ocrx_word' id='word_1_73' title='bbox 568 913 634 983; x_wconf 87' lang='lat' dir='ltr'>lpse</span> <span class='ocrx_word' id='word_1_74' title='bbox 649 913 710 968; x_wconf 91' lang='lat' dir='ltr'>adit</span> <span class='ocrx_word' id='word_1_75' title='bbox 728 912 848 982; x_wconf 90' lang='lat' dir='ltr'>reliquos</span> <span class='ocrx_word' id='word_1_76' title='bbox 856 932 863 979; x_wconf 83' lang='lat'>3</span> <span class='ocrx_word' id='word_1_77' title='bbox 878 913 972 967; x_wconf 91' lang='lat' dir='ltr'>cohor·</span> 
     </span>
     <span class='ocr_line' id='line_1_12' title="bbox 117 988 973 1058; baseline 0 -16"><span class='ocrx_word' id='word_1_78' title='bbox 117 993 195 1044; x_wconf 88' lang='lat' dir='ltr'>tatur</span> <span class='ocrx_word' id='word_1_79' title='bbox 206 1005 241 1043; x_wconf 92' lang='lat' dir='ltr'>ne</span> <span class='ocrx_word' id='word_1_80' title='bbox 253 988 341 1043; x_wconf 89' lang='lat' dir='ltr'>labori</span> <span class='ocrx_word' id='word_1_81' title='bbox 350 988 544 1055; x_wconf 85' lang='lat' dir='ltr'>succumbant3</span> <span class='ocrx_word' id='word_1_82' title='bbox 554 990 674 1043; x_wconf 88' lang='lat' dir='ltr'>omnium</span> <span class='ocrx_word' id='word_1_83' title='bbox 684 989 855 1058; x_wconf 84' lang='lat' dir='ltr'>superiorum</span> <span class='ocrx_word' id='word_1_84' title='bbox 864 989 973 1043; x_wconf 87' lang='lat' dir='ltr'>dimica-</span> 
     </span>
     <span class='ocr_line' id='line_1_13' title="bbox 117 1064 970 1133; baseline -0.004 -13"><span class='ocrx_word' id='word_1_85' title='bbox 117 1065 223 1120; x_wconf 88' lang='lat' dir='ltr'>tionum</span> <span class='ocrx_word' id='word_1_86' title='bbox 237 1066 357 1120; x_wconf 81' lang='lat' dir='ltr'>iructum</span> <span class='ocrx_word' id='word_1_87' title='bbox 371 1064 400 1118; x_wconf 92' lang='lat' dir='ltr'>in</span> <span class='ocrx_word' id='word_1_88' title='bbox 415 1081 449 1119; x_wconf 91' lang='lat' dir='ltr'>eo</span> <span class='ocrx_word' id='word_1_89' title='bbox 466 1065 610 1133; x_wconf 86' lang='lat' dir='ltr'>dicatque</span> <span class='ocrx_word' id='word_1_90' title='bbox 627 1066 700 1120; x_wconf 42' lang='lat' dir='ltr'>hora*</span> <span class='ocrx_word' id='word_1_91' title='bbox 712 1066 793 1120; x_wconf 92' lang='lat' dir='ltr'>docet</span> <span class='ocrx_word' id='word_1_92' title='bbox 811 1065 970 1120; x_wconf 85' lang='lat' dir='ltr'>consistere.</span> 
     </span>
     <span class='ocr_line' id='line_1_14' title="bbox 119 1141 991 1211; baseline 0.001 -17"><span class='ocrx_word' id='word_1_93' title='bbox 119 1141 271 1196; x_wconf 89' lang='lat' dir='ltr'>Interiores</span> <span class='ocrx_word' id='word_1_94' title='bbox 283 1141 438 1210; x_wconf 88' lang='lat' dir='ltr'>desperatis</span> <span class='ocrx_word' id='word_1_95' title='bbox 451 1141 651 1209; x_wconf 85' lang='lat' dir='ltr'>campestribus</span> <span class='ocrx_word' id='word_1_96' title='bbox 662 1141 730 1196; x_wconf 91' lang='lat' dir='ltr'>locis</span> <span class='ocrx_word' id='word_1_97' title='bbox 743 1145 858 1211; x_wconf 90' lang='lat' dir='ltr'>propter</span> <span class='ocrx_word' id='word_1_98' title='bbox 869 1143 972 1210; x_wconf 87' lang='lat' dir='ltr'>magni-</span> <span class='ocrx_word' id='word_1_99' title='bbox 987 1177 991 1185; x_wconf 37' lang='grc' dir='ltr'><strong><em>ι</em></strong></span> 
     </span>
     <span class='ocr_line' id='line_1_15' title="bbox 117 1217 971 1286; baseline 0.001 -14"><span class='ocrx_word' id='word_1_100' title='bbox 117 1217 243 1272; x_wconf 89' lang='lat' dir='ltr'>tudinem</span> <span class='ocrx_word' id='word_1_101' title='bbox 254 1217 435 1282; x_wconf 88' lang='lat' dir='ltr'>munitionum</span> <span class='ocrx_word' id='word_1_102' title='bbox 447 1217 506 1270; x_wconf 91' lang='lat' dir='ltr'>loca</span> <span class='ocrx_word' id='word_1_103' title='bbox 515 1220 664 1286; x_wconf 89' lang='lat' dir='ltr'>praerupta</span> <span class='ocrx_word' id='word_1_104' title='bbox 676 1235 711 1272; x_wconf 85' lang='lat' dir='ltr'>ex</span> <span class='ocrx_word' id='word_1_105' title='bbox 720 1234 834 1272; x_wconf 90' lang='lat' dir='ltr'>ascensu</span> <span class='ocrx_word' id='word_1_106' title='bbox 846 1220 971 1273; x_wconf 84' lang='lat' dir='ltr'>tentant:</span> 
     </span>
     <span class='ocr_line' id='line_1_16' title="bbox 117 1292 970 1362; baseline 0.001 -15"><span class='ocrx_word' id='word_1_107' title='bbox 117 1294 171 1348; x_wconf 93' lang='lat' dir='ltr'>huc</span> <span class='ocrx_word' id='word_1_108' title='bbox 182 1310 215 1348; x_wconf 89' lang='lat' dir='ltr'>ea</span> <span class='ocrx_word' id='word_1_109' title='bbox 226 1310 297 1361; x_wconf 88' lang='lat' dir='ltr'>quae</span> <span class='ocrx_word' id='word_1_110' title='bbox 310 1293 475 1362; x_wconf 81' lang='lat' dir='ltr'>paraverant</span> <span class='ocrx_word' id='word_1_111' title='bbox 487 1293 645 1348; x_wconf 80' lang='lat' dir='ltr'>conferunt:</span> <span class='ocrx_word' id='word_1_112' title='bbox 660 1293 837 1347; x_wconf 89' lang='lat' dir='ltr'>multitudine</span> <span class='ocrx_word' id='word_1_113' title='bbox 852 1292 970 1348; x_wconf 90' lang='lat' dir='ltr'>telorum</span> 
     </span>
     <span class='ocr_line' id='line_1_17' title="bbox 117 1368 971 1439; baseline 0 -15"><span class='ocrx_word' id='word_1_114' title='bbox 117 1369 287 1425; x_wconf 82' lang='lat' dir='ltr'>extorribus</span> <span class='ocrx_word' id='word_1_115' title='bbox 299 1373 505 1439; x_wconf 77' lang='lat' dir='ltr'>propugnantes</span> <span class='ocrx_word' id='word_1_116' title='bbox 521 1368 678 1435; x_wconf 89' lang='lat' dir='ltr'>deturbant,</span> <span class='ocrx_word' id='word_1_117' title='bbox 690 1386 791 1439; x_wconf 81' lang='lat' dir='ltr'>aggere</span> <span class='ocrx_word' id='word_1_118' title='bbox 806 1373 835 1423; x_wconf 90' lang='lat' dir='ltr'>et</span> <span class='ocrx_word' id='word_1_119' title='bbox 847 1370 971 1424; x_wconf 85' lang='lat' dir='ltr'>cratibus</span> 
     </span>
     <span class='ocr_line' id='line_1_18' title="bbox 118 1445 918 1516; baseline 0 -15"><span class='ocrx_word' id='word_1_120' title='bbox 118 1447 205 1501; x_wconf 85' lang='lat' dir='ltr'>fossas</span> <span class='ocrx_word' id='word_1_121' title='bbox 217 1446 338 1516; x_wconf 84' lang='lat' dir='ltr'>explent,</span> <span class='ocrx_word' id='word_1_122' title='bbox 348 1445 463 1500; x_wconf 87' lang='lat' dir='ltr'>falcibus</span> <span class='ocrx_word' id='word_1_123' title='bbox 474 1445 574 1499; x_wconf 86' lang='lat' dir='ltr'>vallum</span> <span class='ocrx_word' id='word_1_124' title='bbox 586 1462 618 1499; x_wconf 87' lang='lat' dir='ltr'>ao</span> <span class='ocrx_word' id='word_1_125' title='bbox 629 1445 739 1499; x_wconf 89' lang='lat' dir='ltr'>loricam</span> <span class='ocrx_word' id='word_1_126' title='bbox 751 1445 918 1501; x_wconf 89' lang='lat' dir='ltr'>rescindunt.</span> 
     </span>
    </p>

    <p class='ocr_par' dir='ltr' id='par_1_4' title="bbox 169 1522 969 1591">
     <span class='ocr_line' id='line_1_19' title="bbox 169 1522 969 1591; baseline -0.003 -13"><span class='ocrx_word' id='word_1_127' title='bbox 169 1529 210 1580; x_wconf 89' lang='grc'>87.</span> <span class='ocrx_word' id='word_1_128' title='bbox 245 1523 347 1578; x_wconf 82' lang='lat' dir='ltr'>Caesar</span> <span class='ocrx_word' id='word_1_129' title='bbox 358 1522 446 1577; x_wconf 91' lang='lat' dir='ltr'>mittit</span> <span class='ocrx_word' id='word_1_130' title='bbox 457 1522 546 1591; x_wconf 90' lang='lat' dir='ltr'>primo</span> <span class='ocrx_word' id='word_1_131' title='bbox 559 1523 676 1577; x_wconf 89' lang='lat' dir='ltr'>Brutum</span> <span class='ocrx_word' id='word_1_132' title='bbox 692 1522 893 1576; x_wconf 83' lang='lat' dir='ltr'>adolescentem</span> <span class='ocrx_word' id='word_1_133' title='bbox 908 1539 969 1576; x_wconf 79' lang='lat' dir='ltr'>cunr</span> 
     </span>
    </p>
   </div>
   <div class='ocr_carea' id='block_1_3' title="bbox 117 1597 971 1737">
    <p class='ocr_par' dir='ltr' id='par_1_5' title="bbox 117 1597 971 1737">
     <span class='ocr_line' id='line_1_20' title="bbox 117 1597 969 1669; baseline 0.001 -17"><span class='ocrx_word' id='word_1_134' title='bbox 117 1599 274 1653; x_wconf 88' lang='lat' dir='ltr'>cohortibus</span> <span class='ocrx_word' id='word_1_135' title='bbox 285 1597 345 1669; x_wconf 89' lang='lat' dir='ltr'>[v1],</span> <span class='ocrx_word' id='word_1_136' title='bbox 358 1601 421 1666; x_wconf 89' lang='lat' dir='ltr'>post</span> <span class='ocrx_word' id='word_1_137' title='bbox 432 1615 494 1651; x_wconf 89' lang='lat' dir='ltr'>cum</span> <span class='ocrx_word' id='word_1_138' title='bbox 506 1598 568 1652; x_wconf 88' lang='lat' dir='ltr'>aliis</span> <span class='ocrx_word' id='word_1_139' title='bbox 579 1597 644 1668; x_wconf 83' lang='lat' dir='ltr'>[vn]</span> <span class='ocrx_word' id='word_1_140' title='bbox 657 1598 687 1652; x_wconf 83' lang='grc' dir='ltr'>Ο.</span> <span class='ocrx_word' id='word_1_141' title='bbox 700 1597 816 1652; x_wconf 85' lang='lat' dir='ltr'>Fabium</span> <span class='ocrx_word' id='word_1_142' title='bbox 832 1599 951 1666; x_wconf 89' lang='lat' dir='ltr'>legatum</span> <span class='ocrx_word' id='word_1_143' title='bbox 964 1619 969 1654; x_wconf 95' lang='lat'>:</span> 
     </span>
     <span class='ocr_line' id='line_1_21' title="bbox 117 1666 971 1737; baseline 0 -17"><span class='ocrx_word' id='word_1_144' title='bbox 117 1672 256 1737; x_wconf 88' lang='lat' dir='ltr'>postremo</span> <span class='ocrx_word' id='word_1_145' title='bbox 273 1668 339 1736; x_wconf 87' lang='lat' dir='ltr'>ipse,</span> <span class='ocrx_word' id='word_1_146' title='bbox 353 1683 437 1735; x_wconf 91' lang='lat' dir='ltr'>quum</span> <span class='ocrx_word' id='word_1_147' title='bbox 452 1667 641 1722; x_wconf 86' lang='lat' dir='ltr'>vehementius</span> <span class='ocrx_word' id='word_1_148' title='bbox 658 1672 834 1736; x_wconf 87' lang='lat' dir='ltr'>pugnaretur,</span> <span class='ocrx_word' id='word_1_149' title='bbox 848 1666 971 1735; x_wconf 87' lang='lat' dir='ltr'>integros</span> 
     </span>
    </p>
   </div>
   <div class='ocr_carea' id='block_1_4' title="bbox 117 1742 990 3030">
    <p class='ocr_par' dir='ltr' id='par_1_6' title="bbox 117 1742 971 2498">
     <span class='ocr_line' id='line_1_22' title="bbox 117 1742 970 1812; baseline 0 -16"><span class='ocrx_word' id='word_1_150' title='bbox 117 1743 239 1797; x_wconf 89' lang='lat' dir='ltr'>subsidio</span> <span class='ocrx_word' id='word_1_151' title='bbox 251 1743 371 1798; x_wconf 81' lang='lat' dir='ltr'>adducit</span> <span class='ocrx_word' id='word_1_152' title='bbox 406 1742 547 1798; x_wconf 86' lang='lat' dir='ltr'>Restituto</span> <span class='ocrx_word' id='word_1_153' title='bbox 556 1743 659 1812; x_wconf 84' lang='lat' dir='ltr'>proelio</span> <span class='ocrx_word' id='word_1_154' title='bbox 671 1759 703 1797; x_wconf 88' lang='lat' dir='ltr'>ac</span> <span class='ocrx_word' id='word_1_155' title='bbox 714 1743 832 1812; x_wconf 86' lang='lat' dir='ltr'>repulsis</span> <span class='ocrx_word' id='word_1_156' title='bbox 846 1742 970 1797; x_wconf 89' lang='lat' dir='ltr'>hostibus</span> 
     </span>
     <span class='ocr_line' id='line_1_23' title="bbox 117 1819 969 1888; baseline -0.002 -14"><span class='ocrx_word' id='word_1_157' title='bbox 117 1836 151 1874; x_wconf 90' lang='lat' dir='ltr'>eo</span> <span class='ocrx_word' id='word_1_158' title='bbox 167 1835 222 1888; x_wconf 91' lang='lat' dir='ltr'>quo</span> <span class='ocrx_word' id='word_1_159' title='bbox 237 1819 388 1874; x_wconf 85' lang='lat' dir='ltr'>Labienum</span> <span class='ocrx_word' id='word_1_160' title='bbox 404 1819 517 1874; x_wconf 90' lang='lat' dir='ltr'>miserat</span> <span class='ocrx_word' id='word_1_161' title='bbox 532 1819 676 1873; x_wconf 86' lang='lat' dir='ltr'>contendit</span> <span class='ocrx_word' id='word_1_162' title='bbox 684 1839 691 1884; x_wconf 94' lang='lat'>;</span> <span class='ocrx_word' id='word_1_163' title='bbox 709 1820 835 1873; x_wconf 90' lang='lat' dir='ltr'>cohortes</span> <span class='ocrx_word' id='word_1_164' title='bbox 852 1822 969 1887; x_wconf 89' lang='lat' dir='ltr'>quatuor</span> 
     </span>
     <span class='ocr_line' id='line_1_24' title="bbox 117 1893 970 1965; baseline -0.002 -15"><span class='ocrx_word' id='word_1_165' title='bbox 117 1913 152 1950; x_wconf 83' lang='lat' dir='ltr'>ex</span> <span class='ocrx_word' id='word_1_166' title='bbox 161 1896 285 1965; x_wconf 86' lang='lat' dir='ltr'>proximo</span> <span class='ocrx_word' id='word_1_167' title='bbox 294 1894 407 1949; x_wconf 86' lang='lat' dir='ltr'>castello</span> <span class='ocrx_word' id='word_1_168' title='bbox 419 1895 547 1961; x_wconf 80' lang='lat' dir='ltr'>deducit3</span> <span class='ocrx_word' id='word_1_169' title='bbox 559 1895 682 1964; x_wconf 89' lang='lat' dir='ltr'>equitum</span> <span class='ocrx_word' id='word_1_170' title='bbox 696 1899 804 1963; x_wconf 89' lang='lat' dir='ltr'>partem</span> <span class='ocrx_word' id='word_1_171' title='bbox 817 1893 870 1964; x_wconf 89' lang='lat' dir='ltr'>[se]</span> <span class='ocrx_word' id='word_1_172' title='bbox 884 1895 970 1963; x_wconf 88' lang='lat' dir='ltr'>sequi,</span> 
     </span>
     <span class='ocr_line' id='line_1_25' title="bbox 117 1970 968 2042; baseline -0.004 -15"><span class='ocrx_word' id='word_1_173' title='bbox 117 1977 227 2042; x_wconf 88' lang='lat' dir='ltr'>partem</span> <span class='ocrx_word' id='word_1_174' title='bbox 250 1972 392 2026; x_wconf 86' lang='lat' dir='ltr'>circumire</span> <span class='ocrx_word' id='word_1_175' title='bbox 413 1971 564 2026; x_wconf 85' lang='lat' dir='ltr'>exteriores</span> <span class='ocrx_word' id='word_1_176' title='bbox 587 1970 754 2026; x_wconf 90' lang='lat' dir='ltr'>munitiones</span> <span class='ocrx_word' id='word_1_177' title='bbox 777 1974 806 2026; x_wconf 90' lang='lat' dir='ltr'>et</span> <span class='ocrx_word' id='word_1_178' title='bbox 829 1971 865 2026; x_wconf 90' lang='lat' dir='ltr'>ab</span> <span class='ocrx_word' id='word_1_179' title='bbox 888 1974 968 2039; x_wconf 91' lang='lat' dir='ltr'>tergo</span> 
     </span>
     <span class='ocr_line' id='line_1_26' title="bbox 118 2046 970 2118; baseline -0.001 -16"><span class='ocrx_word' id='word_1_180' title='bbox 118 2049 212 2104; x_wconf 87' lang='lat' dir='ltr'>hostes</span> <span class='ocrx_word' id='word_1_181' title='bbox 224 2048 325 2102; x_wconf 90' lang='lat' dir='ltr'>adoriri</span> <span class='ocrx_word' id='word_1_182' title='bbox 331 2047 420 2116; x_wconf 89' lang='lat' dir='ltr'>jubet.</span> <span class='ocrx_word' id='word_1_183' title='bbox 452 2046 596 2116; x_wconf 81' lang='lat' dir='ltr'>Labienus,</span> <span class='ocrx_word' id='word_1_184' title='bbox 604 2050 749 2118; x_wconf 90' lang='lat' dir='ltr'>postquam</span> <span class='ocrx_word' id='word_1_185' title='bbox 758 2065 848 2117; x_wconf 91' lang='lat' dir='ltr'>neque</span> <span class='ocrx_word' id='word_1_186' title='bbox 855 2064 970 2116; x_wconf 85' lang='lat' dir='ltr'>aggeres</span> 
     </span>
     <span class='ocr_line' id='line_1_27' title="bbox 117 2122 971 2195; baseline -0.002 -17"><span class='ocrx_word' id='word_1_187' title='bbox 117 2127 316 2195; x_wconf 86' lang='lat' dir='ltr'>nequeiossae</span> <span class='ocrx_word' id='word_1_188' title='bbox 335 2123 390 2179; x_wconf 85' lang='lat' dir='ltr'>vim</span> <span class='ocrx_word' id='word_1_189' title='bbox 410 2123 531 2178; x_wconf 91' lang='lat' dir='ltr'>hostium</span> <span class='ocrx_word' id='word_1_190' title='bbox 551 2124 687 2179; x_wconf 86' lang='lat' dir='ltr'>sustinere</span> <span class='ocrx_word' id='word_1_191' title='bbox 710 2127 848 2194; x_wconf 87' lang='lat' dir='ltr'>poterant,</span> <span class='ocrx_word' id='word_1_192' title='bbox 869 2122 971 2178; x_wconf 85' lang='lat' dir='ltr'>coactis</span> 
     </span>
     <span class='ocr_line' id='line_1_28' title="bbox 118 2199 971 2270; baseline -0.004 -16"><span class='ocrx_word' id='word_1_193' title='bbox 118 2201 374 2270; x_wconf 84' lang='lat' dir='ltr'>undequadraginta</span> <span class='ocrx_word' id='word_1_194' title='bbox 384 2199 549 2268; x_wconf 88' lang='lat' dir='ltr'>cohortibus,</span> <span class='ocrx_word' id='word_1_195' title='bbox 560 2217 629 2270; x_wconf 88' lang='lat' dir='ltr'>quas</span> <span class='ocrx_word' id='word_1_196' title='bbox 640 2217 675 2254; x_wconf 87' lang='lat' dir='ltr'>cx</span> <span class='ocrx_word' id='word_1_197' title='bbox 686 2200 817 2269; x_wconf 84' lang='lat' dir='ltr'>proximis</span> <span class='ocrx_word' id='word_1_198' title='bbox 826 2199 971 2268; x_wconf 87' lang='lat' dir='ltr'>praesidiis</span> 
     </span>
     <span class='ocr_line' id='line_1_29' title="bbox 118 2275 971 2346; baseline -0.002 -16"><span class='ocrx_word' id='word_1_199' title='bbox 118 2277 251 2333; x_wconf 89' lang='lat' dir='ltr'>deductas</span> <span class='ocrx_word' id='word_1_200' title='bbox 268 2278 325 2331; x_wconf 82' lang='lat' dir='ltr'>fors</span> <span class='ocrx_word' id='word_1_201' title='bbox 342 2276 451 2343; x_wconf 90' lang='lat' dir='ltr'>obtulit,</span> <span class='ocrx_word' id='word_1_202' title='bbox 469 2275 614 2332; x_wconf 78' lang='lat' dir='ltr'>Caesarem</span> <span class='ocrx_word' id='word_1_203' title='bbox 631 2293 683 2346; x_wconf 89' lang='lat' dir='ltr'>per</span> <span class='ocrx_word' id='word_1_204' title='bbox 699 2276 812 2331; x_wconf 89' lang='lat' dir='ltr'>nuncios</span> <span class='ocrx_word' id='word_1_205' title='bbox 828 2275 895 2330; x_wconf 88' lang='lat' dir='ltr'>facit</span> <span class='ocrx_word' id='word_1_206' title='bbox 912 2291 971 2329; x_wconf 88' lang='lat' dir='ltr'>cer·</span> 
     </span>
     <span class='ocr_line' id='line_1_30' title="bbox 117 2351 971 2422; baseline -0.001 -15"><span class='ocrx_word' id='word_1_207' title='bbox 117 2354 216 2408; x_wconf 90' lang='lat' dir='ltr'>tiorem</span> <span class='ocrx_word' id='word_1_208' title='bbox 230 2353 297 2422; x_wconf 91' lang='lat' dir='ltr'>quid</span> <span class='ocrx_word' id='word_1_209' title='bbox 308 2351 465 2407; x_wconf 85' lang='lat' dir='ltr'>faciundum</span> <span class='ocrx_word' id='word_1_210' title='bbox 477 2352 623 2408; x_wconf 80' lang='lat' dir='ltr'>existimet</span> <span class='ocrx_word' id='word_1_211' title='bbox 660 2351 807 2407; x_wconf 88' lang='lat' dir='ltr'>Accelerat</span> <span class='ocrx_word' id='word_1_212' title='bbox 823 2352 925 2407; x_wconf 77' lang='lat' dir='ltr'>Caesar</span> <span class='ocrx_word' id='word_1_213' title='bbox 938 2353 971 2406; x_wconf 92' lang='lat' dir='ltr'>ut</span> 
     </span>
     <span class='ocr_line' id='line_1_31' title="bbox 118 2429 349 2498; baseline -0.004 -15"><span class='ocrx_word' id='word_1_214' title='bbox 118 2429 349 2498; x_wconf 89' lang='lat' dir='ltr'>proeliointersit.</span> 
     </span>
    </p>

    <p class='ocr_par' dir='ltr' id='par_1_7' title="bbox 119 2502 990 3030">
     <span class='ocr_line' id='line_1_32' title="bbox 170 2502 971 2573; baseline -0.005 -13"><span class='ocrx_word' id='word_1_215' title='bbox 170 2512 211 2560; x_wconf 86' lang='lat'>88.</span> <span class='ocrx_word' id='word_1_216' title='bbox 248 2505 315 2573; x_wconf 76' lang='lat' dir='ltr'>IlJus</span> <span class='ocrx_word' id='word_1_217' title='bbox 327 2504 448 2559; x_wconf 88' lang='lat' dir='ltr'>adventu</span> <span class='ocrx_word' id='word_1_218' title='bbox 460 2519 495 2556; x_wconf 79' lang='lat' dir='ltr'>ex</span> <span class='ocrx_word' id='word_1_219' title='bbox 507 2502 596 2557; x_wconf 89' lang='lat' dir='ltr'>colore</span> <span class='ocrx_word' id='word_1_220' title='bbox 607 2504 725 2558; x_wconf 83' lang='lat' dir='ltr'>vestitus</span> <span class='ocrx_word' id='word_1_221' title='bbox 736 2503 852 2570; x_wconf 89' lang='lat' dir='ltr'>cognito,</span> <span class='ocrx_word' id='word_1_222' title='bbox 865 2519 920 2571; x_wconf 92' lang='lat' dir='ltr'>quo</span> <span class='ocrx_word' id='word_1_223' title='bbox 930 2503 971 2557; x_wconf 92' lang='lat' dir='ltr'>in·</span> 
     </span>
     <span class='ocr_line' id='line_1_33' title="bbox 119 2578 971 2649; baseline 0.001 -16"><span class='ocrx_word' id='word_1_224' title='bbox 119 2581 189 2647; x_wconf 88' lang='lat' dir='ltr'>signi</span> <span class='ocrx_word' id='word_1_225' title='bbox 204 2581 232 2634; x_wconf 91' lang='lat' dir='ltr'>in</span> <span class='ocrx_word' id='word_1_226' title='bbox 249 2581 359 2649; x_wconf 89' lang='lat' dir='ltr'>proeliis</span> <span class='ocrx_word' id='word_1_227' title='bbox 373 2580 415 2634; x_wconf 86' lang='lat' dir='ltr'>uti</span> <span class='ocrx_word' id='word_1_228' title='bbox 431 2581 617 2643; x_wconf 85' lang='lat' dir='ltr'>consueverat,</span> <span class='ocrx_word' id='word_1_229' title='bbox 630 2578 784 2646; x_wconf 90' lang='lat' dir='ltr'>turmisque</span> <span class='ocrx_word' id='word_1_230' title='bbox 801 2578 925 2645; x_wconf 88' lang='lat' dir='ltr'>equitum</span> <span class='ocrx_word' id='word_1_231' title='bbox 940 2582 971 2634; x_wconf 90' lang='lat' dir='ltr'>et</span> 
     </span>
     <span class='ocr_line' id='line_1_34' title="bbox 119 2653 970 2724; baseline -0.004 -14"><span class='ocrx_word' id='word_1_232' title='bbox 119 2655 277 2710; x_wconf 87' lang='lat' dir='ltr'>cohortibus</span> <span class='ocrx_word' id='word_1_233' title='bbox 289 2656 360 2723; x_wconf 87' lang='lat' dir='ltr'>risis,</span> <span class='ocrx_word' id='word_1_234' title='bbox 370 2671 439 2723; x_wconf 88' lang='lat' dir='ltr'>quas</span> <span class='ocrx_word' id='word_1_235' title='bbox 451 2670 481 2707; x_wconf 91' lang='lat' dir='ltr'>se</span> <span class='ocrx_word' id='word_1_236' title='bbox 492 2653 570 2722; x_wconf 87' lang='lat' dir='ltr'>sequi</span> <span class='ocrx_word' id='word_1_237' title='bbox 578 2654 710 2722; x_wconf 86' lang='lat' dir='ltr'>jusserat,</span> <span class='ocrx_word' id='word_1_238' title='bbox 722 2658 755 2709; x_wconf 93' lang='lat' dir='ltr'>ut</span> <span class='ocrx_word' id='word_1_239' title='bbox 767 2654 803 2709; x_wconf 90' lang='lat' dir='ltr'>de</span> <span class='ocrx_word' id='word_1_240' title='bbox 815 2654 879 2707; x_wconf 90' lang='lat' dir='ltr'>locis</span> <span class='ocrx_word' id='word_1_241' title='bbox 891 2670 970 2724; x_wconf 90' lang='lat' dir='ltr'>supe-</span> 
     </span>
     <span class='ocr_line' id='line_1_35' title="bbox 119 2728 971 2799; baseline -0.002 -13"><span class='ocrx_word' id='word_1_242' title='bbox 119 2732 237 2786; x_wconf 87' lang='lat' dir='ltr'>rioribus</span> <span class='ocrx_word' id='word_1_243' title='bbox 245 2730 434 2785; x_wconf 81' lang='lat' dir='ltr'>hacedeelivia</span> <span class='ocrx_word' id='word_1_244' title='bbox 443 2732 472 2783; x_wconf 92' lang='lat' dir='ltr'>ot</span> <span class='ocrx_word' id='word_1_245' title='bbox 481 2728 586 2784; x_wconf 86' lang='lat' dir='ltr'>devexa</span> <span class='ocrx_word' id='word_1_246' title='bbox 594 2729 884 2798; x_wconf 84' lang='lat' dir='ltr'>comebantur,hostes</span> <span class='ocrx_word' id='word_1_247' title='bbox 893 2746 971 2799; x_wconf 90' lang='lat' dir='ltr'>proe-</span> 
     </span>
     <span class='ocr_line' id='line_1_36' title="bbox 119 2805 971 2876; baseline -0.002 -13"><span class='ocrx_word' id='word_1_248' title='bbox 119 2806 186 2863; x_wconf 90' lang='lat' dir='ltr'>lium</span> <span class='ocrx_word' id='word_1_249' title='bbox 209 2807 391 2861; x_wconf 88' lang='lat' dir='ltr'>committunt.</span> <span class='ocrx_word' id='word_1_250' title='bbox 427 2805 576 2874; x_wconf 91' lang='lat' dir='ltr'>Utrimque</span> <span class='ocrx_word' id='word_1_251' title='bbox 596 2805 714 2861; x_wconf 88' lang='lat' dir='ltr'>clamore</span> <span class='ocrx_word' id='word_1_252' title='bbox 737 2806 844 2860; x_wconf 86' lang='lat' dir='ltr'>sublato</span> <span class='ocrx_word' id='word_1_253' title='bbox 868 2805 971 2876; x_wconf 86' lang='lat' dir='ltr'>excipit</span> 
     </span>
     <span class='ocr_line' id='line_1_37' title="bbox 119 2882 971 2953; baseline -0.002 -13"><span class='ocrx_word' id='word_1_254' title='bbox 119 2898 213 2940; x_wconf 84' lang='lat' dir='ltr'>rursus</span> <span class='ocrx_word' id='word_1_255' title='bbox 236 2900 271 2938; x_wconf 86' lang='lat' dir='ltr'>cx</span> <span class='ocrx_word' id='word_1_256' title='bbox 293 2883 364 2938; x_wconf 81' lang='lat' dir='ltr'>vallo</span> <span class='ocrx_word' id='word_1_257' title='bbox 387 2885 471 2953; x_wconf 87' lang='lat' dir='ltr'>atque</span> <span class='ocrx_word' id='word_1_258' title='bbox 495 2883 621 2937; x_wconf 90' lang='lat' dir='ltr'>omnibus</span> <span class='ocrx_word' id='word_1_259' title='bbox 643 2882 839 2950; x_wconf 87' lang='lat' dir='ltr'>munitionibus</span> <span class='ocrx_word' id='word_1_260' title='bbox 861 2882 971 2938; x_wconf 84' lang='lat' dir='ltr'>clamor.</span> 
     </span>
     <span class='ocr_line' id='line_1_38' title="bbox 120 2958 990 3030; baseline -0.001 -15"><span class='ocrx_word' id='word_1_261' title='bbox 120 2960 215 3015; x_wconf 86' lang='lat' dir='ltr'>Nostri</span> <span class='ocrx_word' id='word_1_262' title='bbox 230 2959 337 3017; x_wconf 88' lang='lat' dir='ltr'>omissis</span> <span class='ocrx_word' id='word_1_263' title='bbox 353 2960 417 3030; x_wconf 87' lang='lat' dir='ltr'>pilis</span> <span class='ocrx_word' id='word_1_264' title='bbox 428 2959 528 3029; x_wconf 83' lang='lat' dir='ltr'>gladiis</span> <span class='ocrx_word' id='word_1_265' title='bbox 545 2976 603 3014; x_wconf 87' lang='lat' dir='ltr'>rem</span> <span class='ocrx_word' id='word_1_266' title='bbox 621 2962 732 3027; x_wconf 67' lang='lat' dir='ltr'>gerunt„</span> <span class='ocrx_word' id='word_1_267' title='bbox 763 2958 900 3024; x_wconf 50' lang='lat' dir='ltr'>assesso</span> <span class='ocrx_word' id='word_1_268' title='bbox 910 2959 990 3014; x_wconf 49' lang='lat' dir='ltr'>w&amp;</span> 
     </span>
    </p>
   </div>
   <div class='ocr_carea' id='block_1_5' title="bbox 101 3020 1009 3267">
    <p class='ocr_par' dir='ltr' id='par_1_8' title="bbox 101 3020 1009 3267">
     <span class='ocr_line' id='line_1_39' title="bbox 121 3020 1009 3126; baseline -0.002 -34"><span class='ocrx_word' id='word_1_269' title='bbox 121 3047 228 3106; x_wconf 84' lang='lat' dir='ltr'>tergum</span> <span class='ocrx_word' id='word_1_270' title='bbox 237 3037 376 3107; x_wconf 82' lang='lat' dir='ltr'>equitatus</span> <span class='ocrx_word' id='word_1_271' title='bbox 384 3037 510 3096; x_wconf 82' lang='lat' dir='ltr'>cernitur</span> <span class='ocrx_word' id='word_1_272' title='bbox 517 3057 525 3094; x_wconf 87' lang='grc'>·.</span> <span class='ocrx_word' id='word_1_273' title='bbox 531 3034 750 3122; x_wconf 64' lang='lat' dir='ltr'>cohortesah&#39;xae</span> <span class='ocrx_word' id='word_1_274' title='bbox 753 3020 1009 3126; x_wconf 24' lang='lat' dir='ltr'>aputeum&amp;</span> 
     </span>
     <span class='ocr_line' id='line_1_40' title="bbox 112 3101 974 3187; baseline -0.026 -22"><span class='ocrx_word' id='word_1_275' title='bbox 112 3116 206 3169; x_wconf 82' lang='lat' dir='ltr'>hostes</span> <span class='ocrx_word' id='word_1_276' title='bbox 224 3117 305 3187; x_wconf 84' lang='lat' dir='ltr'>terga</span> <span class='ocrx_word' id='word_1_277' title='bbox 317 3120 451 3175; x_wconf 86' lang='lat' dir='ltr'>vertunt:</span> <span class='ocrx_word' id='word_1_278' title='bbox 464 3114 654 3187; x_wconf 73' lang='lat' dir='ltr'>fugientibus</span> <span class='ocrx_word' id='word_1_279' title='bbox 667 3109 792 3180; x_wconf 65' lang='lat' dir='ltr'>aquatus</span> <span class='ocrx_word' id='word_1_280' title='bbox 806 3101 974 3158; x_wconf 54' lang='lat' dir='ltr'>ossuum,</span> 
     </span>
     <span class='ocr_line' id='line_1_41' title="bbox 101 3160 991 3267; baseline -0.021 -6"><span class='ocrx_word' id='word_1_281' title='bbox 101 3206 204 3260; x_wconf 53' lang='grc' dir='ltr'>ΝΛΜ</span> <span class='ocrx_word' id='word_1_282' title='bbox 220 3194 336 3255; x_wconf 78' lang='lat' dir='ltr'>aedes.</span> <span class='ocrx_word' id='word_1_283' title='bbox 375 3197 532 3267; x_wconf 81' lang='lat' dir='ltr'>Sedulius,</span> <span class='ocrx_word' id='word_1_284' title='bbox 546 3194 617 3251; x_wconf 74' lang='lat' dir='ltr'>dus</span> <span class='ocrx_word' id='word_1_285' title='bbox 633 3193 671 3248; x_wconf 82' lang='lat' dir='ltr'>et</span> <span class='ocrx_word' id='word_1_286' title='bbox 682 3184 839 3258; x_wconf 48' lang='lat' dir='ltr'>quamue</span> <span class='ocrx_word' id='word_1_287' title='bbox 847 3160 991 3217; x_wconf 47' lang='lat' dir='ltr'>ww</span> 
     </span>
    </p>
   </div>
   <div class='ocr_carea' id='block_1_6' title="bbox 0 0 1017 3396">
    <p class='ocr_par' dir='ltr' id='par_1_9' title="bbox 0 0 1017 3396">
     <span class='ocr_line' id='line_1_42' title="bbox 0 0 1017 3396; baseline 0 0"><span class='ocrx_word' id='word_1_288' title='bbox 0 0 1017 3396; x_wconf 95' lang='lat' dir='ltr'> </span> 
     </span>
    </p>
   </div>
  </div>
 </body>
</html>
