2018 3396
73 157 120 206 136
346 156 375 205 (l.
394 155 496 206 JULII
513 156 687 206 CAESARIS

72 233 224 289 confideret
241 233 341 288 auxilia
356 251 374 288 a
392 234 616 303 Vercingetorige
632 238 791 304 arcesseret,
808 235 872 290 huic
888 236 931 297 rei

74 310 307 380 praevertendum
320 311 501 376 existimavit3
521 315 550 365 et
562 312 636 378 quod
647 311 753 379 legibus
766 312 931 366 Aeduorum

73 389 107 440 iis
129 387 177 456 qui
192 403 331 440 summum
352 388 544 456 magistratum
565 388 721 442 obtinerent
739 388 875 442 excedere
894 405 931 442 ex

74 463 174 517 finibus
192 480 246 516 nou
270 463 430 532 liceretne
454 464 521 532 quid
537 464 581 517 de
599 463 665 532 jure
688 467 737 517 aut
761 464 797 518 de
820 459 930 532 legibus

75 555 170 593 eorum
188 540 355 593 deminuisse
373 539 520 604 videretur,
538 541 642 608 ipsein
660 540 774 594 Aeduos
792 541 929 610 proticisci

74 616 172 670 statuit
196 619 374 683 senatumque
394 632 501 670 omnem
519 619 549 670 et
566 632 634 685 quos
651 617 725 671 iuter
742 617 930 672 controuersia

73 695 147 746 esset
171 692 207 745 ad
230 709 260 744 sc
284 691 425 746 Decetiam
448 692 580 747 evocavit.
616 693 706 758 Quum
729 710 815 762 prope
838 694 928 747 omnis

74 768 170 822 civitas
182 785 214 821 eo
226 768 403 836 convenisset,
416 768 616 837 docereturque
635 768 729 837 paucis
745 769 814 823 clam
830 785 928 822 convo·

74 844 142 898 eatis
154 843 207 897 alio
221 843 285 910 loco,
297 843 350 896 alio
366 847 490 911 tempore
506 847 589 912 atque
604 845 765 913 oportuerit,
777 845 893 898 fratrem
910 862 928 899 a

73 920 160 974 fratrc
173 919 367 987 renunciatum,
380 936 463 988 quum
475 919 551 987 leges
562 919 617 973 duo
629 937 664 974 ex
675 937 730 973 una
745 921 849 974 familia
865 921 927 975 vivo

74 1000 193 1064 utroque
214 1013 269 1049 nou
293 995 379 1048 solum
403 995 579 1062 magistratus
606 997 699 1050 creari
721 999 848 1050 vetarent
876 997 928 1050 sod

75 1072 157 1125 etiam
170 1072 198 1124 in
215 1075 311 1125 senatu
326 1088 386 1125 esse
402 1071 587 1139 prohiberent,
601 1072 700 1125 Cotum
716 1072 863 1140 imperium
880 1073 928 1126 de·

75 1166 175 1219 ponere
187 1149 289 1217 coegit:
303 1149 551 1214 Conuictolitauem,
561 1148 607 1216 qui
618 1165 669 1216 per
680 1149 837 1202 sacerdotes
850 1165 927 1203 more

75 1226 192 1279 civitatis
212 1225 373 1279 intermissis
389 1224 595 1292 magistratibus
615 1228 689 1280 esset
704 1229 819 1292 creatus,
833 1227 927 1294 potes-

75 1307 160 1356 tatem
173 1303 297 1356 obtinore
305 1301 396 1369 jussit.
643 1357 648 1368 ,

127 1384 167 1433 34.
203 1379 264 1432 Hoc
280 1378 393 1432 decreto
408 1376 570 1445 interposito
589 1376 747 1432 cohortatus
764 1377 878 1432 Aeduos
892 1381 927 1432 ut

74 1455 317 1508 controversiarum
336 1469 367 1506 ac
385 1453 582 1506 dissensionum
600 1453 824 1508 obliviscerentur
841 1458 927 1522 atquo

75 1529 199 1583 omnibus
215 1529 320 1582 omissis
336 1527 400 1597 [his]
416 1527 498 1581 rebus
513 1526 577 1581 huic
592 1526 664 1581 bello
682 1527 825 1596 servirent,
837 1545 927 1596 caque

75 1622 145 1674 quae
156 1605 319 1659 meruissent
330 1603 451 1672 praemia
462 1603 497 1656 ab
509 1619 539 1656 se
555 1602 663 1656 devicta
680 1603 767 1656 Gallia
783 1608 927 1671 exspecta-

75 1685 143 1747 rent,
155 1681 361 1748 equitatumque
374 1696 480 1733 omnem
494 1682 524 1732 et
534 1678 658 1747 peditum
671 1679 747 1732 milia
758 1695 777 1732 x
790 1679 842 1733 sibi
855 1681 926 1734 ecle-

75 1757 141 1810 riter
166 1758 318 1822 mitterent,
343 1772 413 1823 quae
435 1755 463 1808 in
490 1754 635 1823 praesidiis
658 1755 700 1808 rei
726 1752 927 1811 'frumentariae

74 1849 155 1886 causa
174 1832 338 1900 disponeret,
356 1831 506 1884 exercitum
525 1830 554 1883 in
571 1830 640 1884 duas
655 1834 749 1899 partes
765 1831 876 1886 divisit:
894 1847 926 1886 1v

73 1909 193 1976 legiones
209 1908 238 1961 in
256 1908 376 1962 Senones
394 1905 568 1975 Parisiosque
586 1905 705 1960 Labieno
723 1906 862 1960 ducendas
877 1907 926 1960 de·

74 1983 131 2049 dit;
149 1999 180 2037 vr
195 1983 294 2052 ipsein
307 1984 446 2036 Arvernos
458 1981 494 2034 ad
510 1982 640 2050 oppidum
657 1982 819 2050 Gergoviam
832 1999 927 2036 seeun-

75 2061 140 2112 dum
151 2059 250 2113 fiumen
264 2059 361 2111 Elaver
373 2058 464 2112 duxit:
477 2059 615 2126 equitatus
623 2062 730 2127 partem
739 2058 778 2111 illi
788 2058 926 2126 attribuit,

72 2138 184 2204 purtem
203 2134 255 2187 sibi
278 2134 398 2202 reliquit.
435 2133 495 2197 Qua
517 2150 548 2188 re
575 2134 684 2201 cognita
714 2134 926 2201 Vercingetorix

73 2210 198 2268 omnibus
218 2209 379 2277 interruptis
400 2209 460 2277 ejus
483 2209 601 2263 fluminis
624 2209 753 2278 pontibus
776 2209 812 2262 ab
835 2209 926 2264 altera

75 2286 195 2340 Elaveris
207 2289 287 2355 parte
298 2285 351 2339 iter
363 2285 452 2339 facere
464 2285 561 2354 eoepit.

127 2369 167 2417 35.
204 2363 293 2429 Quum
305 2365 421 2430 uterque
438 2362 549 2429 utrique
567 2366 641 2416 esset
658 2362 795 2416 exercitus
811 2361 840 2414 in
861 2377 926 2414 eou-

74 2442 169 2508 spcetu
180 2440 292 2508 fereque
308 2455 324 2493 o
341 2438 451 2506 regione
470 2437 568 2491 castris
588 2441 678 2492 castra
693 2441 816 2506 poneret,
833 2436 925 2506 ‹lispo-

74 2517 135 2570 sitis
147 2515 364 2585 exploratoribus
375 2514 472 2567 necubi
486 2514 582 2568 effecto
598 2517 682 2583 ponte
700 2513 816 2567 Romani
832 2513 925 2581 copias

73 2591 288 2660 transducerent,
301 2594 362 2645 erat
373 2591 401 2643 in
412 2590 518 2658 magnis
531 2589 642 2644 Caesari
654 2588 862 2642 difficultatibus
877 2605 925 2643 res

71 2685 106 2723 uo
121 2669 252 2737 majorem
269 2668 382 2721 aestatis
398 2670 505 2735 partem
521 2666 631 2719 flumine
646 2665 833 2734 impediretur,
850 2665 926 2734 quod

71 2761 124 2799 uon
148 2745 206 2799 fero
231 2748 307 2798 ante·
319 2747 479 2798 autumnum
503 2742 602 2796 Elaver
624 2743 695 2796 vado
714 2742 825 2796 transiri
846 2742 926 2797 solet.

73 2819 179 2891 Itaque,
199 2837 233 2875 ne
252 2820 281 2873 id
301 2820 443 2886 accideret,
462 2818 581 2872 silvestri
599 2818 658 2873 loco
679 2818 776 2874 castris
794 2818 892 2886 positis
907 2834 926 2873 e

71 2898 182 2965 regione
193 2896 274 2950 unius
285 2913 378 2950 eorum
390 2895 514 2964 pontium
526 2911 594 2962 quos
604 2894 815 2964 Vercingetorix
823 2893 926 2947 rescin-

67 2971 175 3025 dendos
184 2975 343 3042 curaverat,
355 2976 467 3043 pestere
479 2970 524 3024 die
536 2987 597 3023 cum
610 2970 716 3024 duabus
727 2968 880 3039 legionibus
896 2970 925 3024 in

52 3047 163 3099 occulto
181 3050 268 3104 restit
274 3050 310 3120 ·t;
331 3051 459 3124 reliquas
479 3047 573 3119 copias
592 3064 657 3102 omn
672 3046 799 3101 omuibus
811 3045 929 3110 ’stapedi-

39 3123 148 3186 mentia
174 3131 211 3182 ut
226 3135 431 3200 consueverat,
448 3129 540 3197 misit,
552 3125 646 3196 captis
665 3121 776 3192 <quartis
790 3116 948 3184 quintusque

39 3187 197 3257 uuor-tibus
224 3207 274 3263 uti
300 3228 450 3268 numerus
475 3206 631 3280 legionum
653 3199 787 3254 constare
807 3187 968 3244 adsuetus*
