2018 3396
397 130 509 181 LIBER
531 131 597 178 VII.
883 133 929 180 153

74 215 207 271 stationes
215 211 431 279 disponebantur
438 228 473 265 ne
481 228 534 285 qua
542 211 633 264 subito
642 210 851 278 eruptiofieret:
862 210 931 265 haee

73 287 596 345 eademnoetuexeubitoribnsncfirmis
604 286 749 355 praesidiis
758 287 930 340 tenebantur.

128 373 170 425 70.
206 364 298 432 Opere
321 363 450 418 instituto
473 364 506 418 fit
529 367 657 432 equestre
680 361 815 431 proelium
839 362 868 416 in
897 381 931 416 ea

73 443 187 512 planitie
200 457 282 510 qnam
294 440 479 495 intermissam
490 439 604 493 collibus
620 454 655 492 111
667 439 742 492 milia
757 455 886 507 passuum
902 440 929 492 in

73 518 272 588 longitudinem
285 520 382 585 patere
395 533 478 584 supra
490 517 758 571 demonstravimus·
779 516 891 570 Summa
903 519 928 568 vi

73 596 109 649 ab
127 595 252 662 utrisque
269 591 454 646 contenditur.
490 592 691 646 Laborantibus
708 593 810 646 nostris
829 593 929 646 Caesar

75 673 225 727 (terniones
243 667 391 733 submittit,
409 666 583 736 legionesque
601 685 651 736 pro
671 668 769 722 eastris
787 668 927 722 constituit

74 764 110 801 ne
121 764 176 816 qua
188 745 279 799 subito
290 743 408 812 irruptio
420 743 455 797 ab
472 743 593 806 hostiurn
610 745 737 812 peditatu
753 744 810 798 fiat.
846 745 928 797 Prae·

74 823 145 876 sidio
156 823 292 890 legionum
306 818 402 872 addito
414 819 516 872 nostris
527 821 635 873 animus
646 824 776 888 augetur:
794 820 888 874 hostes
900 821 927 873 in

73 899 167 967 fugam
190 897 307 965 conjecti
332 913 361 949 se
385 895 437 964 ipsi
460 896 637 950 multitudine
663 896 817 965 impediunt
843 900 928 965 atque

74 974 276 1043 angustioribus
288 972 376 1042 portis
387 972 491 1026 relictis
500 976 664 1026 coartantur.
701 972 831 1027 Germani
840 975 928 1026 acrius

73 1049 217 1120 usquead
240 1048 406 1102 munitiones
429 1053 587 1116 sequuntur.
624 1049 670 1102 Fit
693 1065 793 1117 magna
816 1049 929 1104 caedes:¹

73 1126 196 1181 nonnulli
207 1125 310 1179 relictis
323 1124 402 1194 equis
413 1126 512 1177 fossam
526 1124 644 1178 transire
657 1129 685 1178 et
698 1127 842 1178 inaceriam
855 1128 928 1178 tran-

74 1203 206 1257 scendere
221 1205 361 1255 conantur.
398 1200 523 1254 Paullum
540 1201 661 1268 legiones
674 1201 780 1254 Caesar
795 1218 863 1269 quas
877 1218 928 1270 pro

74 1279 146 1333 vallo
171 1278 352 1332 constituerat
377 1276 530 1345 promereri
549 1275 639 1343 jubet.
676 1275 739 1329 Non
764 1277 854 1329 minus
881 1272 930 1345 qui

73 1354 149 1408 intra
159 1354 323 1426 munitiones
335 1357 414 1406 erant
426 1351 497 1406 Galli
513 1352 725 1421 perturbantur;
743 1352 831 1407 veniri
846 1353 882 1407 ad
899 1372 928 1407 se

74 1431 217 1484 confestim
242 1430 430 1484 existimantes
454 1427 490 1480 ad
510 1445 588 1481 arma
605 1428 789 1494 conclamant;
806 1424 928 1482 nonn'nlli

74 1507 217 1576 perterriti
228 1508 256 1560 in
269 1506 398 1574 oppidum
410 1504 573 1573 irrumpunt.
608 1505 819 1572 Vercingetorix
834 1511 929 1574 portas

70 1583 154 1653 jubet
177 1583 267 1636 claudi
291 1599 326 1635 ne
349 1584 440 1634 eastra
462 1580 612 1636 nudentur.
647 1581 744 1634 Multis
770 1581 929 1647 interfectis,

74 1659 260 1728 compluribus
272 1658 350 1726 equis
363 1657 457 1725 captis,
470 1656 599 1711 Gemrani
612 1674 671 1711 sese
683 1657 825 1725 recipiunt.

128 1741 170 1793 71.
206 1733 424 1802 Vercingetorix,
448 1733 608 1802 priusquam
631 1733 795 1787 munitiones
818 1733 853 1787 ab
873 1733 928 1789 Ro-

74 1813 163 1866 rnanis
175 1811 359 1881 perficiantur,
372 1811 513 1864 consilinm
526 1811 600 1879 capit
612 1826 718 1863 omnem
731 1809 766 1862 ab
781 1827 811 1864 se
826 1811 929 1880 equita-

74 1893 135 1943 tum
151 1891 233 1942 noetu
247 1887 396 1941 dimittere.
432 1886 644 1939 Discedentibus
660 1885 780 1953 marulat,
795 1887 836 1940 Ut
852 1903 929 1941 suam

75 1965 192 2032 quisque
205 1980 299 2018 eorum
311 1963 452 2017 civitatem
464 1961 546 2015 adeat
561 1978 709 2030 omnesque
727 1963 773 2031 qui
789 1979 840 2031 por
855 1967 928 2017 aeta-

75 2045 133 2094 tem
151 2057 226 2094 arma
243 2041 317 2094 serre
334 2039 441 2107 possint
457 2038 494 2092 ad
509 2038 612 2091 bellurn
628 2043 742 2106 cogant;
761 2056 810 2093 sua
824 2040 853 2093 in
868 2040 929 2093 illos

75 2117 175 2170 merita
189 2116 318 2186 proponit
334 2115 544 2183 obtestaturque
559 2118 591 2168 ut
604 2132 668 2168 suae
681 2116 776 2169 salutis
794 2117 929 2170 mtionem

75 2192 203 2258 babeant,
219 2210 274 2246 neu
290 2209 320 2246 se
337 2192 374 2246 de
385 2191 521 2245 communi
537 2190 667 2244 libertate
682 2193 785 2259 optime
800 2192 927 2246 meritum

75 2268 200 2322 hostibus
221 2269 249 2322 in
271 2267 420 2322 cruciatum
439 2266 557 2321 dedant:
582 2268 656 2335 qued
674 2269 697 2321 si
714 2268 930 2334 indiligentiores

75 2343 931 2412 fuerintmiliahominumdelectaxxxxunasecuminteritura

76 2420 262 2485 demonstrat;
279 2421 386 2473 ratione
397 2419 466 2471 inita
478 2418 648 2472 frunmntum
665 2436 695 2472 se
712 2419 811 2485 exigue
823 2419 929 2472 dierum
945 2464 948 2470 .

77 2511 136 2548 xxx
155 2495 267 2559 babere,
288 2495 336 2547 sed
355 2494 447 2563 paullo
471 2492 555 2547 etiam
579 2493 685 2562 longius
709 2495 827 2548 tolerare
850 2496 930 2563 posse

76 2571 221 2640 parcendo.
259 2570 312 2622 llis
324 2570 398 2637 datis
409 2569 554 2637 mandatis,
567 2586 622 2637 qua
634 2575 694 2622 erat
704 2569 850 2639 [nostrum]
863 2587 931 2638 opus

76 2645 263 2700 intermissum
276 2644 396 2698 secunda
406 2643 500 2713 vigilia
511 2644 621 2698 silentio
633 2645 787 2712 equitatum
799 2645 916 2700 dimittit
924 2663 942 2712 ;·

28 2714 245 2811 ’trumentum
257 2736 337 2773 omne
349 2719 386 2774 ad
398 2736 428 2774 se
442 2720 540 2774 referri
547 2719 644 2788 jubet3
664 2720 760 2788 capitis
771 2738 886 2790 poenam
897 2723 932 2776 iis

78 2799 125 2868 qui
144 2815 198 2851 non
218 2797 360 2867 paruerint
377 2797 534 2862 constitnit;
552 2813 643 2865 pecus,
661 2796 739 2865 cujus
756 2814 855 2866 magna
870 2803 931 2854 erat

77 2875 112 2929 ab
127 2875 285 2928 Mandubiis
309 2874 447 2942 compulsa
470 2873 555 2941 copia,
575 2873 679 2926 viritim
703 2873 858 2940 distribuit3
875 2874 932 2928 fru-

77 2957 200 3005 mentum
213 2967 295 3020 parce
304 2949 481 3019 etpardlatim
490 2949 581 3002 metiri
589 2949 709 3025 instituit
717 2969 726 3014 ς
735 2950 832 3014 copias
840 2966 945 3024 oms

77 3045 205 3097 quaspro
217 3026 318 3097 oppido
336 3025 522 3082 collocaverat
540 3025 573 3081 in
591 3025 735 3094 oppidum
754 3021 879 3084 reusam,
898 3015 972 3091 {gx}

68 3104 222 3158 rationibus
237 3105 344 3160 auxilia
356 3105 470 3163 Galliae
484 3106 664 3178 exspectare
674 3096 842 3155 etenim
847 3084 984 3136 ‘ur-mm*

60 3181 137 3231 trare
149 3185 244 3248 parat.
