2018 3396
58 127 74 175 4
318 127 346 176 C.
365 126 384 176 J
387 126 465 176 ULII
483 125 653 175 CAESARIS

111 211 134 266 7.
171 207 282 263 Caesari
302 224 385 275 quum
404 207 434 260 id
449 207 605 260 nuntiatum
621 210 701 274 esset,
721 223 767 261 eos
782 223 832 275 ρον
848 223 910 276 pro-

58 285 173 337 vinciam
185 287 306 336 nostram
317 283 371 337 iter
382 282 472 335 facero
484 283 581 348 conari,
591 286 711 344 maturat
723 283 757 336 ab
770 283 839 335 urbe
848 299 910 350 pro-

58 360 142 413 ficisci
161 362 190 413 et
207 362 295 428 quam
319 359 442 411 maximis
463 361 554 425 potest
577 357 719 412 itineribus
742 360 770 411 in
796 358 911 412 Galliam

56 435 216 489 ulteriorem
240 434 382 488 contendit
409 439 438 489 et
462 434 497 486 od
521 433 643 488 Genuam
667 435 798 504 pervenit.
845 434 911 488 Pro-

56 511 161 565 vinciae
179 511 232 565 toti
251 527 332 579 quarn
351 510 498 564 maximum
518 513 610 579 potest
627 511 743 564 militurn
767 527 910 564 numerum

57 587 193 657 imperat:
219 591 278 641 erat
302 587 408 639 omnino
432 586 460 639 in
486 586 575 639 Gallia
595 587 724 648 ulteriore
750 586 820 654 legio
840 603 909 641 una:

21 716 24 721 ,
57 667 171 732 pontem
196 663 241 731 qui
265 665 326 716 erat
350 663 387 716 ad
404 662 528 716 Genuam
544 661 627 730 jubet
644 662 765 716 rescindi.
802 661 859 716 Ubi
875 663 910 716 do

57 739 118 806 ojus
130 739 252 793 adventu
262 739 384 794 Helvetii
393 739 523 792 certiores
533 739 598 792 facti
611 743 681 807 suut,
690 738 795 806 legatos
803 739 839 792 ad
849 755 910 792 eum

56 816 171 868 mittunt
188 814 367 868 nobilissimos
388 815 512 881 civitatis,
528 815 605 882 cujus
623 816 764 883 legationis
780 815 806 868 N
808 815 910 868 amcius

55 895 85 945 et
99 891 280 945 Verudoctius
292 892 441 961 principem
449 892 538 945 locum
548 891 714 958 obtinebant,
723 893 770 960 qui
780 892 909 958 dicerent,

57 967 115 1020 Sibi
127 983 187 1020 esse
198 967 226 1020 in
239 967 327 1020 animo
341 965 466 1045 spic-ullo
478 968 610 1022 maleficio
623 968 676 1021 iter
688 985 737 1036 per
746 968 909 1036 prouinciam

56 1042 155 1110 facero,
179 1046 325 1112 propterea
350 1044 425 1112 quod
448 1043 522 1097 aliud
550 1045 603 1098 iter
632 1043 766 1098 baberent
788 1044 910 1109 nullum;

56 1135 153 1186 rogare
174 1123 206 1172 ut
225 1117 284 1186 ejus
304 1120 443 1173 voluntate
462 1120 492 1173 id
506 1119 556 1173 sibi
574 1121 663 1174 succro
677 1121 764 1174 liccat.
802 1120 909 1186 Caesar,

1 1183 34 1274 ,θ
57 1195 131 1262 quod
155 1195 286 1249 memoria
310 1194 423 1249 tenebat
446 1195 477 1249 t.
499 1196 619 1249 Cassium
638 1196 774 1249 consulem
793 1196 908 1248 occisum

57 1271 262 1339 exercitumque
282 1271 342 1339 ejus
360 1271 394 1324 ab
414 1271 550 1326 Helvetiis
567 1271 674 1340 pulsum
695 1275 725 1325 et
744 1271 793 1324 sub
810 1269 908 1338 jugum

55 1347 176 1415 missum,
202 1348 404 1402 concedendum
432 1365 486 1402 non
515 1348 638 1417 putabat,
669 1364 757 1416 nequo
787 1347 908 1400 homines

54 1421 161 1489 inimico
186 1423 275 1477 ammo
300 1423 366 1477 data
389 1424 520 1478 facultate
543 1441 594 1492 per
617 1425 780 1493 prouinciam
804 1423 908 1476 itineris

56 1497 174 1553 faciundi
192 1503 393 1569 temperaturos
411 1499 446 1553 ab
462 1499 561 1568 injuria
577 1503 606 1554 et
624 1500 755 1553 maleficio
772 1500 908 1552 existima-

12 1616 20 1634 .
56 1573 122 1629 bat:
142 1578 242 1641 tamen,
254 1580 288 1629 ut
302 1577 419 1644 spatium
430 1575 602 1642 intercedere
615 1578 716 1643 posset,
730 1575 795 1628 dum
807 1575 907 1628 milites

57 1666 125 1717 quos
136 1650 320 1718 imperaverat
331 1648 513 1717 convenirent,
522 1651 619 1716 legatis
631 1651 772 1718 respondit
785 1651 864 1703 Diem
878 1666 907 1702 se

57 1724 94 1777 ad
109 1725 317 1778 deliberandum
334 1728 523 1793 sumpturum3
541 1726 563 1777 si
577 1725 643 1792 quid
659 1725 768 1792 vellent,
785 1725 821 1778 ad
839 1725 907 1778 ldus

58 1799 147 1868 April.
160 1804 372 1853 reverterentur.

109 1881 132 1930 8.
170 1875 282 1929 Interea
300 1892 333 1929 ea
349 1875 456 1943 legione
471 1890 551 1941 quam
567 1874 800 1941 secumlmbebat,
815 1875 907 1929 militi-

56 1949 162 2019 busque
181 1951 228 2018 qui
246 1967 281 2004 ex
298 1950 437 2019 provincia
453 1952 669 2016 convenerant,a
685 1949 746 2002 lacu
758 1949 905 2017 bertranno,

56 2026 144 2094 quiin
156 2026 256 2079 flumen
270 2025 434 2079 Rhodanum
446 2023 542 2090 influit,
556 2023 592 2077 ad
607 2028 727 2078 montem
740 2025 847 2092 Jurarn,
859 2027 906 2094 qui

55 2102 124 2155 fines
145 2102 333 2170 Sequanorum
351 2100 386 2154 ab
407 2099 542 2153 Helvetiis
560 2099 665 2167 dividit,
684 2101 759 2154 milia
778 2117 905 2169 passuum

55 2177 150 2231 decern
168 2193 266 2230 novem
286 2193 393 2230 murum
413 2177 441 2229 in
465 2174 637 2228 altitudinem
662 2175 762 2244 pedum
787 2177 905 2230 sedecim

53 2254 207 2322 fossamque
226 2251 358 2321 perducit.
396 2253 436 2305 Eo
457 2268 539 2320 opere
557 2251 679 2320 perfecto
698 2253 834 2320 praesidia
852 2253 905 2306 dis-

53 2329 137 2397 ponit,
146 2328 259 2382 castella
271 2329 426 2395 communit,
436 2342 488 2396 quo
498 2326 610 2392 facilius,
621 2326 643 2380 si
656 2344 686 2381 sc
694 2327 779 2381 invito
789 2330 905 2384 transire

1 2412 6 2437 ¹
53 2408 223 2470 conarentur,
243 2404 389 2474 prohibere
408 2404 507 2474 posset.
547 2403 602 2457 Ubi
622 2420 654 2456 ea
670 2402 729 2456 dies
749 2421 829 2473 quam
846 2421 907 2457 con-

53 2480 181 2534 stituerat
194 2498 255 2534 eum
268 2481 366 2549 legatis
380 2482 498 2546 renitet
509 2479 594 2549 legati
606 2481 642 2534 ad
652 2496 714 2534 oum
724 2484 904 2545 reverterunt,

53 2559 135 2623 negat
148 2557 184 2611 Se
197 2573 273 2611 moro
286 2561 314 2612 et
326 2558 451 2626 exemplo
463 2557 555 2625 populi
569 2557 683 2609 Romani
696 2571 776 2623 posse
790 2555 844 2607 iter
858 2556 905 2608 ulli

52 2647 102 2700 ρον
113 2633 281 2702 provinciam
296 2633 370 2701 dare,
380 2636 409 2687 et
427 2633 517 2686 sirim
533 2632 623 2686 iacere
641 2634 773 2685 conentur
788 2630 906 2700 prohibi-

53 2712 146 2762 turum
158 2709 285 2764 ostendit.
325 2710 445 2763 Helvetii
458 2725 550 2776 caspe
563 2707 665 2776 dejecti
677 2707 791 2760 naribus
802 2705 905 2775 junctis

53 2784 214 2853 ratibusque
233 2785 416 2853 compluribus
437 2785 522 2852 factis,
541 2785 587 2839 alii
606 2784 682 2838 vadis
703 2782 835 2851 Rhodani,
852 2800 906 2851 qua

53 2861 165 2915 minima
191 2860 308 2914 altitudo
333 2862 449 2915 flrnninis
472 2864 539 2928 erat,
562 2875 754 2927 nonnunquam
777 2859 905 2928 interdiu,

54 2938 161 3005 saepius
184 2939 273 3001 noctu,
299 2937 321 2990 si
344 2952 523 3007 perrumpere
552 2938 664 3004 possent
691 2934 790 3000 conati,
815 2935 905 3003 operis

54 3011 202 3067 munitione
211 3015 241 3066 et
250 3012 366 3066 militum
375 3028 506 3066 concursu
518 3014 547 3065 st
559 3012 621 3065 telis
633 3009 736 3079 repulsi
744 3009 795 3063 hoc
804 3013 904 3063 conatu

55 3089 231 3144 destiterunt,

101 3170 124 3220 9.
162 3161 385 3236 Relinquebatur
396 3179 451 3220 una
461 3179 512 3235 per
524 3161 665 3234 Sequanos
675 3161 726 3228 via,
737 3175 792 3231 qua
804 3159 905 3231 Sequa
