2018 3396
80 116 112 166 88
328 114 364 165 Ὀ.
382 115 401 163 J
405 115 485 164 ULII
502 115 676 164 CAESARIS

81 195 167 248 mitur
175 193 274 264 vigiliis
282 193 389 263 reliqua
400 211 464 264 pars
473 192 569 264 noctis
580 212 664 263 quum
677 211 727 249 sua
734 193 850 263 quisque
859 193 938 248 miles

80 270 309 338 circumspiceret,
322 270 390 338 quid
403 287 495 324 secum
512 276 623 339 portare
639 274 740 340 posset,
757 270 826 339 quid
844 287 879 323 cx
896 271 937 323 in-

82 349 236 400 strumento
260 345 436 400 hibernorum
465 347 618 415 relinquere
647 350 798 416 cogeretur.
839 346 938 400 Omnia

82 423 273 490 excogitantur
297 438 382 490 quere
403 439 453 476 nec
473 424 531 480 sine
548 423 668 493 periculo
680 426 825 476 maneatur
840 427 868 476 et
881 423 938 475 lan-

80 515 166 568 guore
185 498 303 552 militum
327 502 358 551 ct
380 498 480 567 vigiliis
499 499 650 568 periculum
669 503 809 566 augeatur.
846 498 938 552 Prima

80 576 141 630 lnce
160 575 199 629 sic
218 591 252 629 ex
272 574 369 628 castris
388 575 595 644 proficiscuntur
614 580 645 628 ut
666 575 765 643 quibus
785 577 859 628 esset
876 591 938 642 per-

82 669 191 705 suasum
204 668 257 704 non
269 650 304 703 ab
316 650 404 718 hoste,
418 651 467 704 sed
480 652 515 705 ab
527 651 636 705 homine
649 651 811 705 amicissimo
825 650 937 703 Ambio

83 729 141 796 rigo
159 727 298 782 consilium
322 727 425 795 datum,
444 727 601 795 longissimo
624 729 735 795 agmine
758 726 938 794 maximisque

82 803 293 872 impedimentis.

134 885 175 933 32.
213 882 254 932 At
278 878 381 943 hostes
406 881 584 947 posteaquam
609 895 644 932 ex
668 882 802 932 nocturno
825 879 938 933 fremitu

82 955 233 1023 vigiliisque
259 951 295 1008 de
319 954 489 1023 profectione
514 971 608 1008 corum
627 960 779 1021 senserunt,
800 955 937 1009 collocetis

82 1031 187 1084 insidiis
198 1030 330 1100 bipertito
346 1029 374 1082 in
392 1030 466 1082 silvis
483 1034 635 1099 opportuno
654 1034 739 1100 atque
752 1031 863 1084 'occulto
879 1033 937 1085 loco

83 1125 99 1160 s
114 1106 222 1160 milibus
239 1122 368 1175 passuum
384 1105 494 1160 circiter
510 1107 624 1173 duobus,
638 1107 822 1160 Romanorum
837 1107 937 1161 adven-

82 1188 142 1237 tum
159 1182 370 1251 exspectabunt3
389 1185 418 1235 et
436 1198 520 1250 quum
539 1199 569 1236 se
587 1183 676 1250 major
694 1199 758 1250 pars
776 1183 890 1250 agminis
909 1185 936 1236 in

83 1275 209 1326 riragnam
232 1258 388 1312 convallem.
406 1257 568 1324 demisisset,
586 1276 621 1312 ex
639 1264 756 1327 utraque
773 1262 853 1327 parte
876 1259 937 1327 ejus

82 1335 160 1388 vullis
176 1334 267 1388 subito
284 1351 314 1388 se
331 1333 519 1402 ostenderunt,
535 1335 750 1403 novissimosque
766 1351 891 1403 premere
908 1339 937 1388 et

82 1411 185 1480 primos
196 1410 343 1479 prohibere
355 1426 468 1463 ascensu
480 1412 564 1477 atque
579 1411 748 1479 iniquissimo
763 1411 863 1464 nostris
878 1411 937 1465 loco

82 1487 216 1556 proelium
228 1487 401 1541 committere
413 1488 568 1554 coeperunt.

14 1581 18 1589 ·
50 1571 65 1608 ἰ
135 1568 176 1618 33.
213 1564 282 1617 Τιιιιι
296 1562 405 1615 demum
418 1561 546 1626 Titurius,
556 1561 604 1629 qui
616 1561 681 1614 nihil
691 1566 755 1616 ante
764 1562 937 1632 providisset,

83 1639 224 1708 trepidare
247 1642 277 1692 et
301 1654 461 1691 concursare
484 1637 665 1705 cohortesque
689 1633 849 1706 disponere;
870 1639 937 1693 hooc

83 1719 177 1768 tamen
193 1715 253 1783 ipsa
268 1714 366 1769 timide
382 1716 466 1782 atque
484 1715 517 1766 ut
536 1729 600 1767 cum
619 1713 710 1766 omnia
728 1713 846 1769 deficere
865 1715 937 1769 vide-

83 1795 194 1846 rentur:
214 1790 289 1860 qu0<l
309 1790 471 1858 plerumque
489 1789 523 1842 iis
541 1789 665 1843 accidere
684 1791 822 1844 consuevit
843 1792 936 1859 quiin

83 1868 142 1936 ipso
159 1868 268 1936 negotio
285 1867 423 1920 consilium
434 1882 537 1935 cepere
554 1869 695 1934 cogrmtur.
732 1867 773 1920 At
789 1867 872 1920 Cotta
890 1870 937 1936 qni

84 1945 231 2012 cogitasset
242 1943 309 1997 haec
324 1959 404 2011 posse
420 1942 448 1995 in
463 1943 562 1996 itinere
578 1942 709 2010 accidere,
725 1945 808 2010 atque
825 1943 860 1996 ob
876 1961 936 1998 eam

84 2037 193 2074 causam
205 2019 378 2088 profectionis
390 2021 486 2072 auctor
498 2035 550 2071 non
567 2018 672 2082 fuisset,
684 2014 758 2072 nulla
774 2019 803 2071 in
819 2036 850 2072 re
866 2037 937 2074 com·

84 2097 159 2149 muni
183 2095 273 2149 saluti·
289 2095 393 2162 deerat,
414 2098 443 2148 et
465 2094 493 2147 in
517 2094 685 2163 appellandis
709 2095 937 2165 cohortandisque

24 2180 29 2190 ·
85 2172 217 2226 militibus
228 2171 401 2240 imperatoris
413 2174 443 2224 et
454 2171 481 2223 in
497 2186 589 2239 pugna
604 2171 698 2223 militis
714 2170 801 2224 officia
815 2176 936 2240 praesta·

85 2249 143 2303 bat.
177 2249 267 2313 Quum
285 2251 398 2316 propter
412 2246 611 2314 longitudinem
624 2246 739 2314 agminis
753 2246 844 2300 minus
858 2248 937 2302 facile

85 2327 175 2380 omnia
185 2341 236 2395 per
248 2342 277 2379 se
289 2325 366 2378 obire
378 2323 486 2393 etquid
498 2339 606 2392 quoque
619 2323 677 2376 loco
692 2323 847 2376 faciendum
864 2329 937 2379 essct
1000 2359 1003 2364 -

84 2403 230 2472 providere
256 2404 375 2471 possent,
396 2399 539 2469 jussenmt
562 2399 742 2468 pronunciare
765 2402 798 2452 ut
822 2399 937 2468 impedi-

85 2482 180 2534 menta
191 2479 378 2547 relinquerent
390 2483 474 2545 atque
485 2478 513 2530 in
525 2475 620 2529 orbem
637 2476 824 2529 consisterent.
856 2476 937 2541 Quod

85 2557 227 2611 consilium
250 2556 303 2610 etsi
320 2555 349 2608 in
366 2553 501 2623 ejusmodi
519 2569 583 2606 casu
604 2551 860 2622 reprehendendum
883 2568 937 2606 non

85 2635 137 2700 est,
149 2636 242 2687 tamen
253 2630 422 2686 incommode
433 2629 547 2693 occidit3
562 2645 625 2682 nam
643 2632 672 2682 et
686 2628 787 2681 nostris
804 2627 937 2682 militibus

86 2725 163 2777 spem
180 2709 286 2775 minuit,
305 2712 334 2762 et
350 2707 444 2760 hostes
465 2705 502 2759 ad
525 2721 645 2774 pugnam
670 2704 814 2757 alacriores
839 2703 937 2771 effecit,

86 2785 159 2852 quod
171 2800 224 2837 non
236 2785 293 2838 sinc
306 2798 411 2836 summo
426 2782 525 2835 timore
537 2784 567 2834 et
583 2780 773 2849 desperatione
788 2780 819 2833 id
834 2780 937 2833 factum

86 2860 238 2914 videbatur.
274 2859 421 2913 Praeterea
432 2857 539 2925 accidit,
549 2856 694 2925 quod-fieri
706 2873 817 2911 necesse
826 2860 894 2923 erat,
906 2858 938 2910 ut

85 2938 165 3002 rnlgo
174 2936 278 2989 milites
290 2936 326 2989 ab
337 2935 422 3005 signis
435 2934 617 3001 discederent,
629 2949 699 3003 quse
712 2934 827 3002 quisque
843 2947 937 2986 eorum

64 3010 212 3065 carissima
233 3010 357 3068 baberet
380 3012 417 3068 ab
437 3010 648 3083 impedimentis
661 3012 761 3078 petere
775 3011 862 3073 atque
874 3007 948 3056 ‘sen-

40 3092 107 3140 ΡΟΓ
105 3099 122 3134 ⁰
128 3093 317 3157 properaret,
333 3091 463 3146 clamore
476 3095 507 3147 et
520 3090 594 3146 lietu
605 3087 703 3143 omniu
714 3080 933 3150 complerentur-

92 3159 137 3208 34·
181 3164 227 3218 At
249 3165 388 3226 barbaris
409 3170 571 3227 eonsilium
594 3182 658 3222 non
682 3159 791 3222 uerus,
806 3168 878 3204 illm
894 3148 985 3199 &W
