2018 3396
100 113 133 166 78
355 113 383 162 0.
401 112 502 162 JULII
519 113 690 162 CAESARIS

100 211 155 264 qua
166 193 299 264 optimum
311 208 372 248 esse
383 209 522 261 egressum
540 195 680 262 superiore
695 198 801 248 aestate
820 211 949 263 cognoro

100 274 151 325 rat.
189 271 249 336 Qua
260 271 288 323 in
299 285 331 324 re
342 269 490 323 admodum
501 269 555 323 luit
569 270 686 323 militurn
701 272 789 324 virtus
804 271 949 335 laudanda,

100 348 148 415 qui
161 347 289 400 vectoriis
299 345 481 415 gravibusque
498 346 610 413 navigiis
626 363 684 399 non
699 347 851 400 intermisso
871 349 951 400 remi-

100 423 184 490 gandi
207 423 301 476 labore
323 418 464 489 long'arum
489 422 596 474 narium
620 439 729 475 cursum
753 423 949 492 adaequarunt.

101 504 251 553 Accessum
263 499 353 553 estad
366 498 533 551 Britanniam
546 499 670 551 omnibus
678 500 792 552 navibus
802 500 950 553 meridiano

99 577 159 630 fere
170 579 310 645 tempore;
328 591 416 641 neque
427 576 454 628 in
467 591 500 628 eo
517 575 575 628 loeo
590 575 676 629 hostis
694 579 738 629 est
753 577 833 643 visus,
849 576 905 642 sed,
919 580 951 630 ut

100 656 197 721 postea
206 653 307 707 Caesar
316 668 350 705 ex
358 652 473 720 captivis
487 651 620 719 cognorit,
630 668 713 720 quum
728 669 841 719 maguae
855 669 951 705 uranus

99 746 134 783 eo
157 728 351 795 convenissent,
370 727 547 780 multitudine
565 728 673 781 narium
691 729 861 796 perterritae,
881 745 951 795 quae

101 823 162 859 cum
182 805 317 858 annotinis
337 805 511 873 privatisque,
532 821 600 873 quas
621 805 662 856 sui
683 805 797 873 quisquo
818 803 950 857 eonnnodi

100 882 210 946 fecerat,
223 880 337 948 amplius
350 881 589 947 octingentae-uno
601 884 680 934 erant
697 880 769 933 uisae
788 884 918 948 tempore,
934 895 951 932 a

100 957 181 1010 litore
193 956 375 1018 discesserant
388 973 419 1008 ae
431 973 460 1010 se
472 957 499 1008 in
512 957 651 1024 superiora
662 956 721 1009 loca
732 955 903 1008 abdiderant.

56 1031 82 1067 7‘
153 1038 177 1086 9.
213 1032 314 1086 Caesar
329 1033 453 1100 exposito
470 1033 592 1085 exercitu
611 1035 641 1086 et
659 1032 717 1085 loco
737 1032 834 1085 castris
852 1032 951 1085 idoneo

100 1112 188 1177 capto,
210 1108 257 1161 ubi
281 1125 315 1162 es
338 1108 454 1182 captivis¹
474 1108 599 1176 cognovit
622 1125 675 1177 quo
698 1110 726 1162 in
749 1109 808 1162 loeo
831 1107 950 1160 hostium

100 1185 194 1253 eopiao
217 1184 410 1252 consedissent,
429 1184 584 1238 cohortibus
607 1200 626 1238 x
646 1184 683 1237 ad
701 1201 777 1238 mare
797 1183 899 1237 relictis
922 1186 951 1236 et

101 1259 238 1329 equitibus
262 1274 310 1314 cco
333 1261 380 1329 qui
402 1260 539 1328 praesidio
557 1261 670 1314 navibus
690 1263 790 1325 essent,
809 1259 845 1313 de
867 1259 952 1312 tertia

100 1337 194 1403 vigilia
217 1337 253 1390 ad
276 1337 369 1390 hostes
390 1336 538 1404 contendit,
558 1354 590 1390 eo
609 1338 698 1390 minus
717 1336 820 1390 veritus
838 1335 951 1389 navibus

101 1413 176 1480 quod
187 1414 215 1466 in
227 1413 308 1466 litore
320 1412 395 1465 molli
407 1414 490 1479 atque
507 1417 602 1479 aperto
620 1412 753 1480 deligatas
771 1413 807 1465 ad
826 1428 950 1464 ancoram

100 1489 279 1557 relinquebat,
300 1492 328 1543 et
347 1489 483 1557 praesidio
502 1489 616 1540 navibus
634 1488 664 1551 Q.
682 1488 791 1541 Atrium
810 1488 950 1555 praefecit.

102 1564 168 1632 lpse
180 1569 261 1618 noctu
272 1581 432 1634 progressus
442 1564 517 1616 milia
526 1581 654 1631 passuum
664 1564 772 1616 circiter
780 1578 822 1616 x11
832 1563 950 1616 hostium

101 1641 192 1709 copias
211 1641 381 1708 conspicatus
397 1643 446 1693 est.
484 1639 529 1692 llli
547 1640 671 1707 equitatu
689 1643 775 1707 atquo
793 1639 896 1692 essedis
915 1639 951 1692 ad

101 1717 200 1770 flumen
212 1716 352 1785 progressi
364 1733 398 1769 ex
410 1715 470 1769 loeo
484 1716 623 1784 superiore
638 1718 746 1769 nostros
761 1715 906 1782 prohibere
922 1722 951 1769 et

100 1792 233 1858 proelium
257 1792 429 1846 committere
448 1794 605 1859 coeperunt
641 1790 754 1859 Repulsi
773 1790 809 1843 ab
828 1791 951 1859 equitatu

100 1883 131 1919 se
143 1867 171 1919 in
184 1868 264 1920 silvas
276 1867 444 1920 abdiderunt
456 1867 544 1920 locum
556 1867 629 1920 nacti
640 1866 749 1934 egregie
764 1870 793 1920 et
811 1869 908 1919 natura
922 1871 952 1920 et

100 1958 183 2010 opere
194 1943 338 2011 munitum,
348 1959 429 2011 quem
442 1942 586 1996 domestici
598 1942 662 1996 belli
673 1945 706 1995 ut
717 1940 862 1995 videbatur
871 1958 952 1995 eausa

99 2015 157 2088 jam
169 2023 236 2071 anto·
244 2021 488 2087 praeparaverant3
500 2034 563 2070 nam
576 2017 679 2070 crebris
691 2017 833 2071 arboribus
843 2018 952 2071 suceisis

100 2109 194 2146 omnes
206 2095 334 2147 introitus
348 2098 427 2147 erant
440 2093 579 2162 praeclusi.
620 2095 675 2161 lpsi
689 2111 722 2147 ex
735 2093 810 2146 silvis
822 2094 877 2146 rari
889 2110 951 2161 pro-

99 2169 267 2238 pugnabant,
278 2174 440 2238 nostrosque
452 2171 525 2222 intra
537 2170 700 2222 munitiones
707 2169 814 2236 ingredi
825 2169 952 2236 prohibe·

99 2243 174 2298 bant
211 2247 252 2298 At
270 2246 371 2299 milites
383 2246 498 2312 legionis
511 2261 552 2298 vm
564 2246 702 2299 testudine
719 2246 791 2298 faeta
807 2249 836 2299 et
852 2262 952 2313 aggere

100 2321 137 2374 ad
148 2321 313 2375 munitiones
331 2321 440 2389 adjecto
459 2321 548 2374 locum
565 2324 695 2389 ceperunt
711 2338 811 2388 eosque
827 2338 861 2374 en
878 2321 952 2374 silvis

100 2397 266 2465 expulerunt
276 2398 369 2465 paucis
384 2396 541 2450 vulneribus
556 2399 680 2465 acceptis.
716 2395 770 2450 Sed
787 2413 833 2449 eos
848 2397 952 2464 fugien-

99 2475 143 2524 tes
155 2472 262 2540 longius
274 2473 375 2528 Caesar
386 2473 515 2542 prosequi
526 2474 620 2540 vetuit,
631 2476 660 2527 et
672 2473 745 2542 quod
757 2473 808 2524 loci
826 2476 951 2526 naturam

98 2547 250 2616 ignorabat,
268 2553 297 2603 et
312 2549 385 2617 quod
403 2567 501 2617 magna
520 2553 598 2618 parte
618 2549 672 2602 diei
692 2551 851 2614 eousrunpta
866 2550 952 2609 urrini·

99 2623 171 2677 tioni
181 2629 331 2679 castrorum
344 2629 456 2694 tempus
469 2626 586 2693 relinqui
599 2625 713 2678 volebat.

154 2706 192 2755 10.
230 2701 367 2756 Postridie
380 2701 439 2770 ejus
453 2701 507 2754 diei
520 2719 599 2754 triane
611 2703 749 2768 tripertito
762 2702 863 2755 milites
876 2701 951 2768 equi-

99 2778 197 2843 tesque
207 2778 235 2830 in
247 2777 449 2845 expeditionem
462 2777 545 2839 misit,
558 2780 591 2830 ut
602 2794 648 2829 eos
660 2777 705 2844 qui
717 2777 844 2844 fugerant
854 2793 949 2845 perse

100 2856 257 2919 querentur.
296 2852 349 2906 His
373 2853 542 2921 aliquantum
566 2852 670 2905 itineris
691 2853 848 2921 progressis,
869 2869 952 2920 quum

96 2927 157 2994 jam
170 2928 286 2982 extremi
299 2932 392 2982 essent
403 2927 432 2980 in
448 2929 600 2996 prospectu
612 2928 718 2996 equites
735 2945 751 2981 a
768 2929 798 2992 Q.
816 2927 900 2982 Atrio
917 2927 954 2981 ad

102 3002 247 3056 Gaesarem
278 3007 412 3057 venermrt
444 3003 491 3072 qui
518 3004 678 3058 nunciarent
706 3004 844 3072 superiore
874 3007 954 3057 noete

55 3078 220 3216 mxima
231 3082 323 3132 coorta
340 3082 506 3148 tempestate
521 3096 607 3148 prope
623 3097 716 3134 omnes
730 3097 813 3133 nares
830 3079 953 3133 aclilietas

145 3153 222 3206 uem
231 3153 318 3208 litore
329 3154 434 3222 ejectas
446 3171 522 3222 esss;
541 3155 616 3226 quod
631 3172 721 3225 neque
736 3172 849 3209 ancorae
864 3155 954 3208 fimes
