2018 3396
52 125 83 173 ll
221 120 249 168 C.
268 118 368 168 JULII
385 117 557 167 CAESARIS
572 117 682 167 LIBER
698 117 736 168 11.

51 200 181 270 proximis
201 198 321 253 castellis
341 215 374 252 eo
394 215 553 253 concursum
571 201 622 264 cst,
640 201 848 267 pugnatumque
868 195 903 250 ab

52 277 176 330 hostibus
193 276 233 330 ita
249 275 349 329 acriter
366 278 410 328 est
427 279 460 328 ut
479 291 495 328 a
513 274 579 329 viris
598 274 715 328 sortibus
732 274 760 327 in
779 276 904 327 extrema

52 369 99 419 :pc
112 351 208 403 salutis
216 350 310 419 iniquo
318 350 377 403 loco
386 352 481 404 contra
490 366 537 404 eos
547 350 593 417 qui
603 367 638 404 ex
646 349 718 403 vallo
726 347 904 418 turribusque

51 427 107 480 tola
115 426 241 495 jacerent
253 425 368 494 pugnari
382 424 485 490 debuit,
499 441 582 492 quum
596 425 623 477 in
634 441 690 477 una
701 424 805 477 virtute
816 425 903 478 omnis

52 517 114 568 spos
133 501 228 554 salutis
246 501 414 555 consisteret.
453 499 555 554 Occisis
576 500 613 552 ad
633 499 772 553 hominum
793 499 903 553 milibus

52 580 171 644 quatuor
182 577 279 645 reliqui
290 577 318 630 in
330 576 460 645 oppidum
472 575 569 643 rejecti
581 579 651 629 sunt.
689 574 827 628 Postridie
843 575 903 643 ejus

52 652 108 706 diei
121 653 246 707 refractis
262 652 356 720 pertis,
368 668 451 720 quum
465 650 525 718 jum
541 649 703 704 defenderet
720 667 806 715 nemo,
819 655 903 719 atque

52 728 215 781 intromissis
230 728 364 781 militibus
380 726 481 780 nostris
497 725 643 780 sectionem
660 726 720 794 ejus
736 726 829 794 oppidi
844 726 903 779 uni-

52 819 158 856 versam
177 805 277 858 Caesar
294 801 425 859 vendidit.
462 801 508 855 Ab
526 802 560 854 iis
578 802 625 869 qui
643 803 766 854 emerant
783 802 903 870 capitum

52 894 181 931 nanterus
194 879 303 932 adeum
316 878 419 932 relatus
432 881 475 932 est
486 877 590 931 milium
603 892 661 931 n111.

104 959 146 1007 34.
181 955 285 1007 Eodem
298 957 451 1022 temporeo
464 955 493 1007 P.
507 953 613 1019 Crasso,
626 969 708 1022 quem
720 970 782 1007 curn
796 953 904 1020 legione

52 1045 107 1082 una
122 1030 233 1082 miserat
248 1029 284 1081 acl
300 1027 428 1096 Venetos,
443 1028 564 1095 Unellos,
577 1028 706 1094 Osismos,
720 1028 903 1093 Coriosolitas,

54 1102 187 1165 Sesuvios,
201 1103 340 1171 Aulercos,
354 1103 489 1169 Redones,
502 1119 572 1171 quae
590 1106 655 1156 sunt
670 1103 822 1156 maritimae
839 1103 903 1156 civi-

53 1181 126 1232 tates
139 1178 330 1246 Oceanumque
341 1179 489 1248 attingrmt
498 1179 599 1233 certior
606 1179 694 1232 faetus
702 1181 746 1232 est
754 1195 848 1232 omnes
856 1194 903 1232 eas

53 1253 179 1307 civitates
199 1254 227 1306 in
247 1253 415 1308 deditionem
435 1256 655 1322 potestatemque
675 1253 768 1322 populi
787 1253 903 1307 Romani

54 1329 256 1383 osseredaetas.
571 1363 579 1375 ·

14 1406 49 1435 f
106 1410 149 1459 35.
185 1405 237 1459 His
249 1405 331 1460 rebus
342 1407 427 1474 gestis
439 1405 512 1458 omni
525 1405 614 1459 Gallia
625 1407 722 1472 pacata
732 1407 811 1458 tanta
821 1404 904 1472 hujus

54 1480 119 1534 belli
131 1481 167 1533 ad
179 1472 311 1534 barbdros
323 1481 412 1548 opinio
424 1480 530 1549 perlata
541 1482 584 1533 est
595 1479 638 1533 uti
649 1479 684 1533 ab
698 1480 732 1532 iis
747 1479 904 1533 nationibus

55 1571 126 1621 quae
146 1559 224 1608 trans
245 1555 370 1608 Rhenum
392 1555 542 1608 incolerent
562 1555 739 1608 mitterentur
759 1554 843 1622 legati
867 1555 904 1609 ad

56 1629 207 1695 Caesarem,
221 1631 268 1698 qui
280 1648 309 1684 so
322 1630 430 1684 obsides
442 1630 835 1699 daturas,imperatulaotu1as
846 1631 904 1698 pol-

55 1704 208 1759 licerentur.
246 1707 319 1771 Quas
342 1706 492 1773 legationes
516 1706 623 1769 Caesar,
645 1705 719 1774 quod
741 1704 770 1759 in
794 1705 904 1760 Italiam

57 1779 249 1848 illyricumque
271 1781 442 1849 properabat,
462 1781 531 1834 inita
550 1781 674 1849 proxima
693 1783 799 1834 aestate
818 1781 854 1834 ad
874 1797 905 1835 so

56 1855 157 1908 roverti
177 1855 269 1921 jussit.
306 1855 369 1922 Ipse
392 1856 420 1908 in
442 1855 582 1921 Carnutes,
605 1855 701 1909 Andes
722 1856 904 1924 l'uronesque,

56 1946 125 1998 quae
137 1930 261 1983 civitates
272 1930 441 1998 propinquae
452 1930 495 1983 his
506 1930 571 1983 loeis
583 1934 663 1983 orant
672 1930 720 1985 ubi
731 1931 831 1984 bellum
844 1947 905 1998 ges-

57 1999 138 2070 serat,
149 2004 299 2071 legionibus
310 2006 338 2058 in
350 2005 523 2058 hibernacula
535 2005 668 2072 deductis,
680 2006 707 2058 in
720 2005 828 2059 Italiam
843 2023 905 2074 pro

56 2080 145 2133 fectus
157 2083 212 2133 est:
232 2079 267 2132 ob
279 2096 381 2148 casque
397 2096 441 2132 res
458 2095 492 2132 ex
508 2079 596 2132 literis
612 2079 736 2133 Caesaris
752 2081 811 2133 dics
827 2082 906 2149 quin-

58 2155 145 2216 decim
169 2153 328 2284 surlrlplicatio
351 2154 462 2209 decreta
486 2157 536 2224 est,
560 2153 635 2226 quod
658 2159 722 2210 unte
744 2155 774 2211 id
795 2159 907 2227 tempus

58 2227 240 2284 acciditnui.
