2018 3396
54 136 85 184 86
306 134 334 182 0.
357 133 459 184 JULII
483 134 655 184 CAESARIS

49 215 122 284 juris
135 215 163 269 in
177 231 207 270 se
219 213 367 270 multitudo
380 232 462 284 quam
474 213 535 284 ipse'
548 216 577 270 in
590 217 803 273 multitudinem.
839 218 909 272 civi-

53 292 105 346 tati
125 307 208 361 porro
228 291 298 346 hano
318 291 402 346 fuisse
425 291 491 345 belli
515 309 633 362 eausam,
654 293 729 362 quod
750 295 909 362 repentinae

54 368 193 422 Gallorum
221 366 401 434 conjurationi
430 369 562 423 resistere
585 386 639 423 non
662 370 799 439 potuerit:
824 370 853 422 id
880 385 909 423 se

52 444 132 498 facile
150 461 184 496 ex
200 444 356 510 humilitate
371 461 420 497 sua
436 444 553 513 probare
570 462 657 515 posse,
674 446 748 513 quod
767 462 821 498 non
840 445 908 498 adeo

53 521 91 575 sit
106 520 250 590 imperitus
266 537 358 574 rerum
377 525 409 574 ut
429 520 484 573 suis
503 521 588 589 copiis
606 521 736 590 populum
756 520 909 574 Romanurn

54 597 175 664 superari
198 612 279 665 posse
306 596 442 662 confidat;
471 595 521 650 sed
548 613 607 650 esse
635 597 740 651 Galliae
767 612 909 650 commune

53 673 208 738 consilium3
226 672 350 725 omuibus
362 672 483 726 hibernis
497 673 621 749 Caesaris
633 673 821 741 oppugnandis
837 672 909 727 hune

54 767 115 804 esse
135 749 239 803 dictum
257 748 338 816 diem,
356 765 391 802 ne
408 766 463 818 qua
482 749 552 816 legio
572 750 658 802 alteri·
669 749 768 816 legioni
787 749 908 802 subsidio

53 828 146 881 venire
164 828 269 894 posset:
285 843 339 879 non
355 825 433 879 facile
450 825 543 879 Gallos
560 825 695 878 Gallise
662 843 695 878 ne
697 845 714 867 ‹
696 843 761 892 Ε,ιίιο
778 829 827 894 pot
829 826 907 888 uisse,

53 903 215 973 praesertim
228 919 311 971 quum
324 901 360 955 de
371 901 551 970 reciperando
562 918 698 955 commum
691 902 838 955 libertato
847 918 908 954 eon·

54 980 144 1034 silium
162 979 259 1031 initum
277 978 427 1032 videretur.
464 978 568 1043 Quibus
588 979 715 1048 quoniam
735 978 909 1046 propietate

54 1056 224 1119 satisfecerit,
234 1054 336 1107 habere
345 1071 416 1107 nunc
429 1045 602 1108 serationem
616 1055 695 1114 officii
708 1072 757 1123 pro
769 1053 909 1107 beneficiis

55 1131 194 1196 Caesaris3
210 1147 328 1198 monere,
341 1146 420 1183 orare
437 1130 572 1183 Titurium
588 1147 638 1198 pro
656 1130 827 1198 respitiant
843 1147 908 1183 suae

54 1224 86 1260 ac
102 1207 218 1260 militnm
235 1207 317 1261 saluti
333 1207 469 1261 consulat:
488 1222 614 1274 nragnam
632 1224 742 1261 ιιιιιιιιιιιι
761 1207 908 1260 Gennana-

54 1300 115 1336 ιιιιιι
132 1281 293 1337 conductam
310 1283 436 1337 Rhenum
454 1283 599 1348 transisse;
616 1283 686 1336 hanc
704 1282 798 1336 adfore
817 1282 907 1335 biduo.

56 1359 181 1428 Ipsorum
206 1376 266 1414 esse
286 1359 428 1413 consilium
450 1359 571 1413 velintne
594 1359 670 1427 prius
694 1375 776 1427 quam
800 1358 908 1411 finitimi

55 1437 175 1489 sentiant
196 1436 309 1488 eductos
329 1451 364 1488 cx
381 1435 501 1488 hibernis
517 1435 617 1488 milites
633 1434 735 1489 autad
751 1434 908 1488 Ciceronem

55 1515 104 1564 aut
116 1498 153 1564 ad
165 1511 315 1564 Labienum
326 1510 470 1578 deducere,
483 1527 599 1578 quorum
611 1511 682 1564 alter
693 1509 769 1564 milia
779 1527 908 1580 passuum

55 1586 206 1653 circitare,
227 1587 299 1641 alter
319 1587 400 1654 paulo
418 1587 534 1655 amplius
554 1587 589 1640 ab
610 1586 644 1639 iis
664 1587 743 1640 absit.
781 1586 855 1639 lllud
879 1603 909 1640 se

55 1663 176 1732 polliceri
188 1666 217 1718 ct
231 1662 413 1731 jurejurando
425 1664 592 1728 confirmare,
605 1666 697 1717 tutum
709 1663 763 1716 iter
774 1679 824 1730 per
841 1663 909 1715 lines

56 1739 200 1803 datururn3
223 1739 299 1807 quod
318 1755 402 1808 quunr
421 1739 510 1806 saciat,
526 1742 556 1791 et
571 1738 675 1792 civitati
692 1754 751 1791 sese
768 1738 909 1791 consulere

56 1815 130 1883 quod
147 1814 269 1869 hibernis
284 1816 399 1880 leretur,
412 1819 441 1869 et
458 1814 567 1868 Caesari
583 1831 632 1883 pro
649 1813 710 1882 ejus
726 1815 832 1867 meritis
847 1831 909 1881 gra-

55 1891 123 1944 tiam
136 1891 246 1945 referre.
284 1891 344 1944 llac
357 1891 480 1944 oratione
491 1890 585 1944 habita
597 1889 714 1943 discedit
729 1890 878 1943 Ambiorix.

108 1972 148 2020 28.
186 1967 333 2035 Arpineius
346 1966 488 2036 et⁴Junius
500 1983 572 2035 quae
588 1965 735 2019 audierunt
752 1965 787 2018 ad
804 1966 909 2033 legatos

56 2042 191 2096 deserunt.
229 2042 274 2095 llli
286 2044 429 2110 repentina
441 2058 472 2096 re
483 2040 645 2111 perturbati,
660 2040 714 2094 etsi
730 2041 765 2093 ab
780 2041 860 2094 hoste
876 2058 910 2095 ea

57 2117 225 2186 dicebantur,
238 2121 331 2172 tamen
348 2135 402 2172 non
415 2118 579 2187 negligenda
595 2117 805 2182 existimabant;
823 2119 909 2170 nram'·

57 2209 155 2262 meque
166 2193 217 2247 hac
228 2211 259 2246 re
271 2193 509 2263 perrnovebentur,
522 2195 597 2263 quod
609 2195 749 2248 civitatem
761 2193 909 2261 ignobilem

56 2275 141 2339 atque
157 2270 286 2323 humilem
307 2271 463 2324 Eburonum
482 2288 532 2324 sua
551 2277 647 2340 sponte
666 2271 766 2339 populo
787 2270 909 2323 Romarm
943 2261 949 2274 ⁸

21 2384 25 2392 ·
57 2346 158 2401 bellum
175 2347 265 2400 faeere
285 2364 378 2400 ausam
397 2348 444 2401 vix
462 2351 523 2401 crat
541 2347 716 2401 credendum.
753 2346 854 2415 ltaque
873 2347 910 2400 ad

57 2422 197 2478 consilium
220 2439 279 2476 rem
304 2423 438 2488 deferunt,
457 2423 611 2492 magnaque
633 2422 706 2476 inter
729 2439 776 2476 eos
800 2423 910 2477 exsistit

56 2500 245 2554 controversia.
287 2499 316 2552 Ia
342 2499 544 2553 Aurunculeius
572 2499 779 2567 compluresque
806 2499 871 2552 triln
891 2499 910 2551 ιι

57 2576 175 2632 rnilitum
187 2581 216 2629 et
228 2575 378 2643 primorum
391 2576 517 2630 ordinum
534 2577 705 2630 centuriones
721 2575 788 2628 nihil
804 2516 910 2628 torulis

57 2651 193 2719 agendum
211 2669 300 2720 neque
317 2669 352 2705 ex
367 2652 487 2707 hibernis
502 2651 607 2720 injussu
624 2651 748 2705 Caesaris
769 2650 910 2704 disceden-

58 2728 124 2780 dum
137 2728 341 2781 existimabant:
355 2729 511 2797 quantasvis
520 2728 610 2796 copias
620 2727 702 2780 etiam
713 2727 910 2781 Germanorum

58 2803 188 2856 sustineri
211 2819 291 2871 posse
313 2804 426 2858 munitis
449 2803 570 2858 hibernis
594 2803 742 2859 docebant:
766 2820 826 2856 rem
849 2819 910 2856 esse

58 2878 221 2946 testimonio,
235 2879 309 2968 quod
320 2880 438 2948 primum
449 2880 570 2937 hostium
582 2879 722 2948 impetum,
732 2879 826 2933 multis
837 2879 910 2932 ultro

58 2954 216 3008 vulneribus
227 2942 319 3024 illatis,
328 2956 476 3010 fortissime
488 2956 679 3011 sustinuerint:
692 2973 723 3010 re
732 2954 911 3008 frumentaria

57 3043 112 3082 non
128 3030 229 3098 premi:
241 3031 347 3085 interea
358 3036 388 3086 et
400 3049 433 3086 ex
445 3032 577 3102 proximis
589 3031 711 3086 hibernis
723 3035 752 3085 et
764 3048 781 3084 a
793 3030 911 3084 Caesare

58 3107 365 3163 conventurasubsidia:
373 3113 518 3176 postremo,
524 3105 912 3177 quidesseleviusautturpius

69 3194 134 3232 ram
144 3186 259 3238 auctore
267 3182 352 3240 hoste
363 3182 401 3240 de
411 3183 525 3261 summis
536 3182 622 3239 rebus
638 3198 737 3254 cepere
752 3180 917 3252 consiliunt
