2018 3396
415 111 524 160 LIBER
540 110 564 160 Ι.
882 112 912 160 21

66 212 148 264 quam
165 195 225 264 ipse
240 195 389 264 imperator
404 192 519 246 meritus
535 190 696 257 videbatur;
713 191 815 246 factum
831 190 914 244 etiam

64 288 152 340 nuper
169 273 198 323 in
211 271 293 324 ltalia
305 268 395 322 servili
407 267 534 334 tumultu,
547 283 615 335 quos
627 271 719 320 tamen
732 267 837 335 aliquid
849 283 915 320 usus

64 363 97 401 ac
110 345 254 414 disciplina
266 361 347 413 quam
360 360 376 396 a
388 343 465 396 nobis
477 345 644 412 accepissent
655 342 837 395 sublevarent.
873 343 914 395 lix

64 440 118 493 quo
125 422 246 490 judicari
254 418 370 491 posselt]
378 423 510 487 quantum
519 417 636 472 haberet
643 417 671 470 in
680 434 709 472 se
716 417 780 471 boni
790 413 921 472 conatam

63 501 118 565 tia;
129 502 276 567 propterea
288 490 363 565 quod
374 511 442 564 ques
454 494 621 563 aliquamdiu
632 495 750 548 inermes
763 494 821 548 sine
833 512 915 549 causa

63 575 225 640 timuissent,
238 573 288 626 hos
302 576 397 641 postea
412 574 532 624 armatos
549 587 581 624 ae
598 570 715 624 victores
733 576 914 640 superassent.
962 619 970 640 ⁴

64 650 190 718 Denique
201 649 251 704 hos
262 665 322 702 esse
335 647 445 702 eosdem
461 647 622 716 quibuscum
637 663 830 716 saepenumero
848 647 914 701 Hel-

63 726 129 779 vetii
147 725 283 793 congressi
302 741 355 778 non
372 723 459 777 solum
477 724 505 776 in
523 724 578 778 suis
595 724 645 777 sed
662 723 745 777 etiam
762 724 790 776 in
807 723 914 778 illorum

63 801 162 854 finibus
189 801 350 870 plerumque
377 800 538 868 superarint,
562 801 609 867 qui
632 803 725 854 tamen
747 815 828 869 pares
856 816 915 854 esse

63 881 157 931 nostro
169 877 301 931 exercitui
312 893 366 929 non
378 876 523 944 potuerint.
560 875 589 930 Si
601 892 669 945 quos
680 875 825 929 adversum
837 892 915 945 proe-

63 953 127 1006 lium
147 956 177 1007 et
192 952 258 1020 fuga
276 952 416 1006 Gallorum
436 954 624 1017 commoveret,
642 951 691 1004 hos
709 951 732 1004 si
750 957 916 1019 quaererent

62 1029 183 1097 reperire
195 1045 274 1096 posse
287 1027 468 1081 diuturnitate
480 1027 544 1080 belli
556 1026 716 1094 defatigatis
731 1026 816 1080 Gallis
833 1027 915 1081 Ario-

62 1104 272 1171 ristum,quun1
295 1103 395 1157 multos
412 1119 519 1158 menses
542 1104 639 1157 castris
662 1120 693 1157 se
715 1120 747 1156 ae
769 1103 915 1172 paludibus

63 1179 196 1233 tenuisset
208 1195 296 1246 ncque
308 1180 349 1232 sui
361 1181 527 1247 potestatem
539 1180 655 1246 iecisset,
669 1179 847 1249 desperantes
855 1178 913 1246 jam

63 1253 201 1323 depugna
213 1258 242 1309 et
258 1254 393 1323 dispersos
410 1254 500 1308 subito
516 1255 644 1308 adortum
660 1255 746 1322 magis
762 1255 868 1308 ratione
886 1259 915 1307 ct

13 1380 27 1394 ,
63 1329 173 1383 consilio
185 1346 266 1398 quam
278 1330 382 1384 virtute
394 1330 497 1384 vicisse.
535 1330 585 1384 uui
604 1330 703 1384 rationi
719 1333 814 1383 contra
829 1330 914 1383 henri-

63 1420 112 1458 nes
124 1404 255 1458 barbaros
266 1408 350 1472 atque
361 1405 503 1473 imperitos
515 1406 589 1459 locus
601 1407 704 1473 fuisset,
716 1405 767 1458 bac
779 1423 813 1459 ne
825 1406 914 1474 ipsum

63 1480 174 1547 quidem
187 1497 298 1549 sperare
309 1485 416 1534 nostros
428 1481 564 1534 exercitus
576 1482 636 1550 cap'
647 1497 733 1549 posse.
771 1481 824 1546 Qui
837 1498 914 1534 suum

62 1556 189 1610 timorem
202 1556 229 1609 iu
242 1557 281 1610 rei
297 1557 493 1610 frumentariae
507 1556 707 1610 simulationem
722 1557 915 1625 angustiasque

62 1631 191 1685 itinerum
221 1632 376 1686 conferrent
398 1631 488 1685 facere
511 1635 677 1701 arroganter,
701 1649 784 1701 quum
807 1636 856 1687 aut
879 1633 914 1686 do

63 1707 150 1762 officio
168 1707 340 1776 imperatoris
358 1707 504 1776 desperare
522 1712 570 1762 aut
586 1708 774 1777 praescribere
791 1708 915 1763 videren-

62 1786 117 1838 tur.
153 1784 230 1836 llacc
247 1783 299 1837 sibi
312 1799 372 1837 esse
388 1799 483 1839 curae:
500 1783 668 1838 frumentum
685 1783 831 1852 Sequanos,
844 1784 914 1838 Leu-

63 1876 116 1925 oos,
148 1859 285 1927 Lingones
312 1858 527 1926 subministrare,
552 1858 666 1928 jamque
695 1876 755 1914 esse
784 1860 812 1913 in
842 1861 915 1928 agris

62 1935 201 1989 frumenta
212 1939 335 1998 matura3
353 1934 389 1987 (le
401 1934 502 1988 itincre
517 1935 590 2004 ipsos
606 1934 683 1989 brevi
701 1939 825 2005 tempore
839 1935 915 2003 judi-

63 2014 178 2065 caturos.
216 2011 295 2075 Quod
319 2027 373 2063 nou
397 2010 456 2064 fore
475 2011 548 2064 dicto
567 2011 710 2065 audientes
731 2029 818 2080 nequo
838 2012 915 2079 sigua

62 2085 145 2140 laturi
164 2086 296 2154 dicantur,
315 2086 380 2139 nihil
399 2103 429 2140 se
447 2103 480 2140 ea
503 2103 534 2140 re
558 2087 737 2153 commoveri;
755 2088 824 2141 seire
842 2089 914 2141 enirn

63 2162 268 2230 quibuscunque
292 2162 428 2216 exercitus
446 2162 518 2216 dicto
542 2163 656 2216 audiens
676 2180 730 2216 non
752 2164 847 2230 fucrit,
867 2166 915 2217 aut

62 2239 133 2292 male
150 2255 181 2293 re
197 2242 277 2306 gesta
300 2238 436 2292 fortunam
460 2239 586 2307 defuisse,
610 2243 659 2293 aut
682 2240 772 2309 aliquo
795 2240 914 2295 facinore

62 2317 200 2382 comperto
224 2314 365 2367 auaritiam
384 2330 443 2367 csse
460 2315 622 2370 convictam:
641 2332 716 2369 suam
735 2316 914 2370 innocentiam

61 2392 196 2459 perpetua
214 2389 278 2457 vita,
296 2389 455 2444 felicitatem
474 2390 664 2445 Helvetiorum
681 2391 753 2445 bello
771 2409 839 2446 esse,
853 2409 914 2461 per-

62 2469 191 2533 spectam.
227 2466 327 2534 ltaque
339 2482 368 2518 se
381 2465 455 2534 quod
466 2466 493 2519 in
510 2466 659 2535 longiorem
676 2467 748 2521 diem
767 2468 915 2522 collaturus

61 2539 165 2608 fuisset,
188 2544 455 2607 repraesentaturum
476 2545 505 2596 et
522 2543 646 2611 proxima
664 2548 744 2597 nocte
762 2544 797 2597 do
816 2547 915 2612 quarta

61 2616 152 2684 vigilia
163 2620 253 2670 castra
264 2620 409 2685 moturum,
422 2621 454 2672 ut
466 2635 548 2687 quam
560 2619 677 2687 primum
689 2619 842 2687 intelligere
854 2636 915 2687 pos-

62 2695 112 2760 set,
123 2695 216 2745 utrum
228 2693 302 2760 apud
314 2709 360 2746 eos
376 2694 464 2761 pudor
480 2698 565 2763 atque
583 2695 700 2748 officium
718 2712 752 2748 an
771 2695 854 2748 timor
871 2712 915 2748 va-

61 2767 139 2821 leret
177 2768 291 2833 Quodsi
304 2773 447 2836 praeterea
459 2786 538 2822 nemo
552 2775 689 2838 sequatur,
702 2773 796 2823 tamen
811 2787 840 2823 se
852 2787 914 2824 cum

62 2843 119 2898 sola
135 2843 240 2917 decima
255 2844 361 2911 legione
375 2844 478 2898 iturum
494 2845 529 2898 de
545 2862 599 2911 qua
615 2861 668 2898 non
689 2844 836 2913 dubitaret,
852 2846 916 2899 sibi-

62 2935 116 2987 que
139 2935 199 2973 eam
220 2920 384 2987 praetoriam
404 2920 543 2974 cohortem
560 2920 688 2973 futuram.
724 2920 797 2974 Huic
815 2922 915 2989 legioni

62 2994 163 3048 Caesar
175 2998 204 3048 et
219 2994 369 3050 indulserat
383 2996 527 3064 praecipue
541 2999 569 3049 ct
581 2999 694 3063 propter
709 2997 848 3048 virtutem
857 3014 926 3046 eou-

61 3069 166 3125 fidebat
177 3070 304 3123 maxime.

113 3151 154 3266 31.
183 3145 244 3202 Hac
256 3146 381 3203 oratione
391 3146 495 3203 babitu
505 3147 617 3200 nitrum
623 3145 663 3199 'su
669 3140 802 3196 moduni
810 3131 970 3183 conuersas
