2018 3396
68 149 116 202 178
323 150 352 200 C.
369 148 473 200 JULII
490 150 668 202 CAESARIS

67 228 192 298 rimaquo
203 228 314 284 Alesiae
327 229 459 285 memoria
471 230 579 285 solliciti
595 229 711 284 similem
723 246 817 285 casum
830 230 922 286 obses-

68 304 150 359 sionis
162 310 330 373 vererentur,
342 306 515 376 maximeque
526 324 561 361 ox
573 306 698 360 omnibus
709 306 863 375 Lucterius,
875 307 922 376 qui

68 381 194 436 fortunae
204 381 276 436 illius
285 382 436 451 periculum
445 383 557 450 lecerat,
566 385 690 436 moneret
699 382 830 437 frumenti
839 384 922 437 ratio·

67 472 131 510 nem
143 473 203 511 esse
214 456 375 528 habendam,
383 458 553 513 constituunt
559 459 681 522 omnium
690 474 832 526 consensu,
840 463 922 528 parte

67 530 106 586 ibi
117 532 214 587 relicta
225 535 371 603 copiarum,
379 534 433 604 ipsi
445 552 507 589 cum
519 534 655 605 expeditis
668 534 704 588 ad
715 533 921 604 importandum

67 607 235 663 frumentum
246 610 387 678 proficisci.
423 611 463 664 Eo
472 611 582 665 consilio
591 609 715 680 probato,
724 610 848 679 proxima
859 627 923 665 noc-

66 686 105 750 te,
115 684 222 738 dnobus
230 684 340 738 milibus
348 691 515 741 aneatorum
526 686 637 754 relictis,
645 686 765 756 reliquos
776 702 811 740 ex
820 687 921 755 oppido

67 759 195 829 Drappes
211 763 241 814 ct
255 759 400 815 Lucterius
416 762 543 816 educunt.
581 761 620 815 Ili
632 778 733 831 paucos
747 761 808 816 dies
821 763 921 817 morati

66 851 102 888 ox
114 835 214 890 finibus
230 835 424 905 Cadurcorum,
437 838 483 905 qui
500 837 647 907 partimus
663 838 843 893 frumentaria
859 839 923 892 sub-

67 910 158 965 levare
170 927 217 965 eos
229 911 384 981 cupiebant,
393 913 495 982 partim
507 913 654 981 prohibero
665 930 719 983 quo
732 915 820 970 minus
832 932 921 970 surrre-

66 994 130 1041 rent
145 1003 199 1041 non
214 991 350 1056 poterant,
363 1003 492 1056 maoeuum
506 1005 650 1043 numerum
665 990 798 1045 frumenti
812 1007 920 1060 compa·

66 1066 148 1127 rant;
175 1081 377 1134 nonnumquam
406 1067 499 1119 autem
529 1065 752 1135 expeditionibus
779 1067 920 1121 nocturnis

66 1139 179 1194 castella
199 1144 354 1194 nostrorum
375 1139 543 1195 adoriuntur.
584 1141 672 1206 Quam
689 1140 726 1195 ob
746 1157 869 1196 caussam
889 1143 918 1198 C.

68 1216 197 1271 Caninius
217 1220 276 1271 toto
294 1217 394 1286 oppido
414 1217 578 1271 munitiones
597 1217 766 1271 circumdare
784 1221 919 1285 cantatur,

66 1309 102 1347 ue
114 1296 163 1346 aut
174 1309 241 1361 opus
253 1293 380 1347 effectum
396 1293 468 1347 tueri
481 1309 535 1346 non
549 1293 642 1362 possit,
653 1294 702 1346 aut
715 1291 839 1362 plurimis
854 1293 921 1348 locis

66 1369 176 1422 infirma
187 1369 315 1438 disponat
325 1369 468 1438 praesidia

118 1450 160 1499 35.
195 1444 296 1513 Magna
325 1444 404 1513 copia
430 1444 562 1499 frumenti
591 1448 747 1515 comparata
774 1445 921 1500 considunt

67 1521 193 1590 Drappes
208 1524 237 1575 et
252 1520 395 1575 Lucterius
409 1536 464 1574 non
478 1520 586 1588 longius
602 1521 637 1575 ab
652 1522 753 1591 oppido
766 1536 786 1574 x
802 1521 919 1586 milibus,

66 1596 140 1651 uude
161 1596 302 1666 paullatim
325 1596 491 1650 frumentum
511 1596 540 1650 in
564 1596 693 1665 oppidum
717 1601 920 1667 supportarent.

67 1674 126 1742 Ipsi
147 1673 221 1727 inter
244 1688 273 1726 se
296 1671 448 1740 provincias
471 1672 645 1740 partiuntur3
668 1672 793 1742 Drappes
821 1675 920 1728 castris

66 1750 204 1819 praesidio
216 1766 277 1804 cunr
289 1753 368 1818 parte
380 1749 518 1816 copiarum
531 1749 650 1814 restitit;
663 1749 807 1803 Lucterius
821 1767 920 1817 mamea

64 1826 250 1892 iumentorum
262 1825 299 1880 ad
310 1825 441 1894 oppidum
453 1824 572 1879 adducit.
609 1824 756 1893 Dispositis
768 1825 807 1878 ibi
819 1827 922 1894 praesi.

67 1900 127 1969 diis,
137 1901 204 1955 hora
214 1902 304 1955 noctis
315 1901 424 1955 circiter
432 1916 459 1968 x,
468 1900 638 1955 silvestribus
650 1900 827 1969 angustisque
839 1901 921 1956 itine-

66 1976 143 2031 ribus
154 1977 320 2031 irumentum
332 1977 481 2046 importare
496 1976 524 2029 iu
539 1975 668 2046 oppidum
685 1976 811 2031 instituit
847 1976 920 2042 Quo·

66 2070 128 2108 rum
140 2053 286 2122 strepitum
299 2053 395 2121 vigiles
406 2057 557 2108 castrorum
569 2070 653 2122 quum
664 2053 820 2122 sensissent,
829 2055 923 2123 explo-

66 2133 227 2197 ratoresque
238 2129 313 2182 missi
325 2146 395 2197 quae
406 2133 556 2198 agerentur
566 2130 778 2197 renunciassent,
790 2129 920 2190 Caninius

66 2207 193 2260 celeriter
203 2221 264 2258 cum
276 2205 434 2260 cohortibus
446 2206 560 2260 armatis
571 2223 606 2260 ex
617 2206 749 2274 proximis
760 2205 880 2260 castellis
890 2207 920 2260 in

66 2281 259 2336 frumentarios
271 2281 322 2335 sub
333 2281 420 2350 ipsam
432 2282 520 2336 iucem
531 2282 664 2350 impetum
675 2282 747 2336 iecit.
784 2281 809 2335 Ii
823 2297 920 2351 repen·

67 2360 125 2413 tino
145 2357 217 2412 malo
234 2357 376 2426 perterriti
394 2356 542 2426 diffugiunt
559 2357 596 2410 ad
613 2374 663 2411 sua
680 2355 831 2427 praesidia3
848 2374 920 2425 quae

66 2437 154 2491 nostri
184 2438 218 2490 ut
247 2434 383 2502 viderunt,
415 2434 504 2488 acrius
536 2437 631 2487 contra
663 2437 782 2488 armatos
812 2433 920 2488 incitati

66 2514 203 2568 neminem
220 2528 255 2566 ox
269 2528 302 2565 oo
317 2526 431 2565 numero
445 2510 536 2563 virum
555 2511 615 2578 capi
630 2509 780 2578 patiuntur.
815 2508 921 2577 Dffugit

66 2590 131 2645 indo
143 2606 205 2643 cum
217 2588 310 2657 paucis
323 2586 476 2654 Lucterius,
487 2602 539 2640 nec
550 2602 580 2640 se
592 2587 691 2655 recipit
701 2587 730 2641 in
742 2586 838 2640 castra

119 2672 160 2721 36.
197 2666 238 2718 Re
258 2663 329 2718 bone
349 2666 429 2732 gesta
450 2662 578 2716 Caninius
599 2679 634 2716 ex
655 2661 769 2732 captivis
786 2661 920 2728 comperit

66 2746 176 2813 partem
188 2741 329 2810 copiarum
340 2756 402 2793 eum
414 2737 561 2808 Drappete
568 2755 629 2813 csse
638 2739 666 2792 in
678 2739 775 2793 castris
783 2754 800 2791 a
808 2735 920 2791 milibus

66 2836 121 2872 non
133 2816 249 2885 amplius
261 2831 311 2870 rur.
347 2813 449 2879 Quare
461 2831 496 2867 ex
507 2814 690 2883 compluribus
706 2813 822 2882 cognita,
835 2829 920 2881 quum

64 2895 233 2962 intelligeret
244 2894 339 2961 fugato
352 2892 421 2946 duco
433 2891 520 2945 altero
534 2891 696 2960 perterritos
707 2890 827 2956 reliquos
841 2888 921 2943 faeilo

50 2971 178 3040 opprr'nrr'
185 2989 279 3044 posse,
290 2985 408 3041 magnae
420 2967 559 3024 felicitatis
567 2982 627 3021 csse
639 2964 826 3019 arbitrabatur
834 2963 921 3017 nemi·

32 3064 103 3104 nem
116 3067 156 3104 ex
168 3053 263 3108 caedo
276 3050 418 3122 refugisse
432 3047 464 3101 in
475 3048 570 3101 eastra
579 3042 630 3113 qm
643 3041 679 3094 de
692 3043 806 3124 accepta
819 3039 923 3122 cidami-

20 3125 86 3179 nte
105 3133 256 3186 nuncium
282 3127 436 3202 Drappeti
459 3123 614 3197 perterret.
644 3114 706 3169 sen
721 3128 756 3164 in
772 3109 952 3175 eutimii

20 3212 99 3258 rrum
110 3209 296 3274 perieulum
310 3209 439 3266 nullum
451 3199 585 3269 videret,
593 3191 760 3265 equitatum
768 3179 963 3237 amnemam-
