2018 3396
81 135 113 183 el
337 128 367 179 0.
385 127 404 178 J
406 127 487 178 ULH
504 126 678 177 CAESARIS

134 217 175 267 20.
205 203 317 264 'Eodem
328 209 388 263 fere
399 211 524 278 tempore
536 207 567 262 P.
582 207 704 275 Crassus,
715 223 799 275 quum
810 225 839 262 ιιι
852 209 941 279 Aqui-

81 289 184 344 taniam
201 284 379 356 pervenisset,
397 301 467 352 quae
485 282 556 352 pars',
574 285 607 337 ut
627 286 692 337 ante
713 283 817 337 dictum
836 290 888 353 est,
909 288 940 340 et

81 363 223 432 regionum
241 360 388 415 latitudine
407 364 436 414 οι
455 359 630 414 multitudine
645 359 783 412 bominum
804 377 839 414 ex
854 363 939 416 tertia

81 444 161 509 parte
184 437 288 493 Galliae
311 439 355 490 ost
375 435 551 503 aestimanda,
569 451 654 506 quum
670 435 836 504 intelligeret
856 438 885 490 in
905 437 940 491 iis

81 515 148 570 locis
169 513 221 569 sibi
241 513 344 567 bellum
365 511 524 581 gerendum,
544 511 591 565 ubi
614 512 707 580 paucis
730 515 794 565 ante
813 513 890 566 annis
909 513 940 568 L.

82 591 209 646 Valerius
222 589 406 644 Praeconinus
421 588 530 656 legatus
546 589 668 642 exercitu
683 587 762 657 pulso
779 587 940 643 interiectus

82 669 163 734 esset,
182 669 266 734 atque
283 664 357 718 unde
374 663 405 718 L.
424 663 552 718 Manilius
569 663 712 732 proconsul
736 664 940 733 impedimentis

82 742 189 795 amissis
200 741 438 812 profugissetnon
454 740 620 794 mediocrem
636 740 688 793 sibi
706 740 874 808 diligentiam
891 741 941 794 ad·

83 817 230 871 bibendam
246 815 424 883 intelligebat.
462 816 562 884 Itaque
577 832 608 870 re
626 815 806 869 frumentaria
824 817 940 886 provisa,

45 901 48 911 ’
83 893 191 947 auxiliis
208 892 392 962 equitatuque
415 896 579 960 comparato,
597 891 691 946 multis
709 894 852 960 praeterea
873 893 940 946 riris

83 968 201 1022 fortibus
219 967 324 1034 Tolosa,
337 967 496 1034 Carcasone,
509 971 538 1021 et
556 967 693 1036 Narbone,
710 983 781 1036 quae
796 972 860 1022 sunt
875 969 940 1021 civi-

83 1047 157 1098 tates
181 1043 287 1097 Gslliae
313 1042 470 1097 Provinciae
494 1043 633 1112 finitimae,
657 1061 692 1098 ex
717 1044 759 1096 his
782 1043 940 1112 regionibus

83 1119 242 1174 nominatim
259 1119 379 1173 evocatis
395 1119 424 1172 in
442 1119 576 1174 Sotiatum
596 1119 665 1174 fines
684 1120 834 1175 exercitum
855 1119 939 1174 inno

84 1195 171 1250 duxit.
207 1194 292 1264 Cujus
315 1194 436 1249 adventu
459 1195 568 1263 cognito
592 1195 711 1262 Sotiates
729 1196 833 1264 magnis
855 1196 939 1263 copiis

81 1272 185 1345 coactis
203 1271 383 1341 equitatuque
401 1288 456 1341 quo
473 1271 621 1361 plurimum
643 1270 771 1325 valebant
794 1271 823 1325 in
840 1271 940 1324 itinere

85 1364 185 1416 agmen
197 1351 322 1402 nostrum
334 1348 424 1402 adorti
441 1349 559 1416 primum
577 1352 705 1415 equestre
720 1347 853 1416 proelium
870 1363 940 1400 com-

85 1425 224 1489 miserunt,
242 1424 341 1478 deinde
355 1424 479 1505 equitatu
491 1440 540 1476 suo
550 1423 628 1492 pulso
639 1427 723 1492 atque
734 1423 940 1492 insequentibus

85 1500 185 1552 nostris
198 1499 288 1553 subito
300 1482 443 1568 pedestres
460 1499 550 1569 copias
565 1499 677 1567 quasin
693 1497 839 1552 convalle
831 1515 860 1550 ιιι
876 1499 940 1550 insi

85 1574 139 1629 diis
162 1576 358 1629 collocaverant
346 1580 426 1629 tost
414 1575 570 1636 tenderunt.
606 1573 644 1627 lli
668 1576 778 1628 nostros
808 1573 940 1642 disjectos

86 1651 177 1704 adorti
190 1651 322 1721 proelium
336 1655 508 1705 renovarunt.

128 1732 177 1797 Ι21.
216 1726 368 1796 Pugnatum
377 1730 420 1780 est
434 1726 482 1780 diu
496 1728 580 1796 alque
595 1725 703 1795 aeriter,
717 1743 801 1796 quum
819 1727 940 1781 Sotiates

86 1802 269 1871 superioribus
288 1803 408 1858 victoriis
427 1802 492 1857 freti
512 1803 541 1856 in
564 1802 728 1857 suavirtuto
749 1804 835 1857 totius
855 1803 940 1869 Aqui-

85 1877 176 1931 taniae
188 1877 304 1932 salutem
316 1880 432 1948 positam
444 1881 582 1947 putarent,
593 1879 680 1932 nostri
692 1882 785 1932 autem
798 1877 865 1947 quid
881 1879 940 1932 sine

85 1953 252 2020 imperatore
259 1958 288 2008 et
298 1955 355 2008 sine
364 1955 477 2023 reliquis
492 1953 642 2022 legionibus
655 1953 858 2008 adolescentulo
870 1954 940 2007 duce

86 2028 193 2081 officere
204 2033 315 2096 possent
327 2031 442 2099 perspici
460 2032 605 2098 cuperent:
621 2029 733 2084 tandem
750 2028 865 2084 confecti
881 2029 940 2082 vul-

86 2102 197 2156 neribus
215 2103 308 2158 bostes
323 2109 403 2174 terga
419 2111 533 2159 vertere.
571 2104 692 2170 Quorum
710 2122 808 2174 magno
825 2122 940 2159 numero

86 2179 231 2233 interfecto
243 2180 356 2234 Crassus
372 2198 407 2235 ex
423 2181 521 2235 itinere
536 2180 666 2251 oppidum
683 2182 819 2236 Sotiatum
836 2198 940 2250 oppug-

86 2272 152 2309 nare
172 2256 269 2325 coepit.
306 2257 411 2322 Quibus
433 2258 544 2312 fortiter
561 2256 753 2312 resistentibus
770 2258 864 2311 vineas
881 2261 939 2311 tur-

43 2374 57 2411 ,
86 2347 186 2401 resque
197 2332 260 2400 egit.
297 2333 343 2387 Illi
359 2334 426 2388 alias
440 2335 583 2404 eruptione
598 2336 712 2399 tentata,
728 2333 795 2387 alias
808 2333 940 2388 cuniculis

87 2408 122 2461 ad
134 2424 262 2476 aggerem
274 2409 420 2478 vineasque
432 2410 508 2478 actis,
520 2409 599 2477 cujus
610 2410 651 2464 rei
663 2413 728 2464 sunt
739 2410 819 2477 longe
830 2408 940 2477 peritis-

87 2484 148 2536 simi
172 2484 312 2554 Aquitani‚
336 2489 484 2554 propterea
507 2485 582 2554 quod
605 2486 700 2540 multis
716 2484 783 2539 loeis
800 2483 875 2553 apud
892 2500 940 2538 cos

88 2560 210 2614 aerariae
229 2560 459 2630 structuramque]
476 2565 548 2628 sunt,
564 2560 612 2614 ubi
628 2561 769 2629 diligentia
784 2563 940 2614 nostrorum

86 2634 153 2688 nihil
174 2635 217 2689 his
237 2636 321 2690 rebus
341 2635 436 2705 profici
455 2652 536 2705 posse
556 2637 758 2702 intellexerunt,
776 2637 883 2703 legatos
902 2635 939 2688 ad

88 2710 215 2764 Crassum
224 2713 339 2766 mittunt
350 2728 434 2782 seque
445 2711 474 2765 in
486 2711 653 2767 deditionem
665 2717 697 2766 ut
708 2711 822 2780 recipiat
833 2714 940 2778 petunt.

88 2787 148 2852 Qua
158 2804 190 2842 re
200 2788 348 2856 impetrata
359 2804 436 2842 arma
446 2786 558 2842 tradere
566 2788 637 2855 jussi
648 2787 757 2842 faciunt.

139 2867 180 2916 22.
225 2864 317 2933 Atque
341 2865 370 2916 in
394 2880 427 2917 es
449 2880 480 2918 re
504 2864 623 2916 omnium
647 2867 802 2918 nostrorum
826 2863 939 2918 intentis

87 2937 184 2991 animis
200 2939 253 2992 alia
269 2943 395 3007 exparte
408 2938 501 3008 oppidi
516 2939 738 3007 Asleantuannus,
749 2939 796 3008 qui
805 2955 939 2992 summam

76 3011 191 3077 imperii
210 3014 332 3081 tenebat,
355 3031 418 3070 eum
443 3028 479 3069 no
503 3013 724 3083 devotis-quos
742 3014 787 3067 illi
806 3013 942 3083 soldurios

57 3085 216 3153 appellant,
231 3105 352 3156 qnorum
368 3091 439 3148 baec
450 3095 502 3153 est
517 3090 645 3146 conditio
659 3093 695 3144 ιιι
711 3087 857 3142 emamus
851 3102 884 3134 m
896 3086 959 3134 utta

43 3158 211 3215 commodis
231 3180 291 3221 una
313 3185 383 3225 curn
405 3168 454 3225 bis
476 3168 614 3239 fruantur
637 3179 764 3236 diuorum
781 3175 816 3214 so
832 3153 973 3207 amitiit&
