2018 3396
52 120 69 175 ᾗ
316 126 345 176 0.
362 125 410 176 JU
411 125 464 174 LII
481 125 653 176 CAESARIS

52 205 192 273 altissimo,
212 204 260 274 qui
278 221 374 274 agrum
394 205 552 259 Helvetium
576 223 593 258 a
616 204 760 260 Germanis
784 203 901 270 diridit;

52 282 141 336 altera
158 297 194 334 ex
216 284 296 349 parte
319 284 412 334 niente
438 281 508 334 Jura
532 282 671 347 altissimo,
691 282 738 349 qui
762 284 806 334 est
828 281 902 334 inter

54 358 195 426 Sequanos
208 360 237 410 et
250 357 393 410 Helvetios
404 378 410 421 ;
428 359 512 410 tertia
524 357 582 410 lacu
596 358 735 410 Lemanno
747 362 776 411 et
790 357 902 411 flumine

55 433 195 502 Rhodano,
208 433 255 501 qui
270 434 437 502 provinciam
452 437 574 486 nostram
591 433 626 486 ab
642 433 779 487 Helvetiis
794 433 901 487 dividit.

56 510 108 563 llis
123 508 208 563 rebus
222 509 307 562 fiebat
320 513 353 562 ut
369 513 399 563 et
416 509 507 562 urinas
519 510 575 562 lata
589 513 755 577 vagarentur
770 514 800 564 et
813 511 903 563 minus

53 586 133 639 facile
159 585 285 639 finitimis
307 585 409 638 bellum
439 585 540 639 inferre
566 590 694 654 possent3
726 603 781 656 qua
810 603 843 641 ex
872 603 903 640 re

54 661 177 715 homines
200 660 320 715 bollandi
348 661 440 730 cupidi
467 678 566 730 magno
594 661 687 716 dolore
710 663 902 716 alliciebantur.

56 737 110 790 Pro
128 737 306 790 multitudino
327 741 419 791 autem
442 737 583 791 hominum
604 741 632 792 et
655 755 706 808 pro
728 738 815 806 gloria
838 739 903 792 belli

54 816 139 881 atque
147 812 319 866 fortitudinis
327 817 495 881 angustosse
504 813 572 867 fines
580 813 683 867 habere
692 814 905 879 arbitrabantur,

55 888 103 956 qui
115 888 143 941 in
155 888 354 956 longitudinem
370 889 444 942 milia
459 905 588 957 passuum
602 904 677 958 eexu,
689 890 717 942 iu
729 890 904 944 latitudinem

55 979 147 1017 clxxx
158 964 298 1033 patebant.

108 1047 132 1096 3,
168 1040 222 1107 His
243 1039 326 1094 rebus
350 1039 463 1094 adducti
487 1044 516 1094 et
538 1042 703 1095 auctoritato
734 1042 905 1110 Orgetorigis

55 1116 173 1185 permoti
191 1116 392 1170 eonst'tuerrmt
409 1131 443 1170 ca
460 1131 531 1184 quae
548 1116 585 1169 ad
601 1117 826 1185 proficiscendum
843 1135 905 1186 per-

55 1195 177 1246 tinerent
200 1207 365 1260 comparare,
389 1190 576 1260 jumentorum
602 1196 798 1246 et·earrorun1
822 1211 904 1263 quam

55 1268 204 1322 niaximum
221 1285 363 1322 numerum
379 1273 510 1335 coartare,
524 1272 659 1322 sementes
675 1285 756 1336 quam
774 1271 906 1324 maximas

56 1347 148 1399 facere
170 1347 203 1399 ut
226 1345 254 1398 iu
278 1345 377 1398 itinere
400 1345 477 1413 copia
500 1344 631 1398 frumenti
653 1349 820 1414 suppeteret,
843 1363 905 1399 enm

56 1422 187 1490 proximis
198 1420 353 1476 civitatibus
364 1436 460 1489 pacem
473 1423 501 1473 et
513 1420 658 1474 amicitiam
669 1421 836 1476 confirmare.
858 1423 906 1478 Ad
917 1449 920 1455 ⁴

57 1516 104 1552 cas
115 1516 160 1553 res
175 1498 355 1552 conficiendas
370 1496 509 1549 biennium
524 1495 576 1549 sibi
591 1496 658 1550 satis
673 1514 733 1550 esso
750 1499 905 1553 duxerunt:

56 1574 211 1630 intertium
223 1591 322 1628 annum
335 1573 530 1640 profectionem
543 1572 603 1640 lege
612 1573 781 1627 confirmant.
805 1575 852 1628 nd
860 1591 907 1628 eas

56 1647 584 1716 resconfieieudasOrgetorixdeligitur.
603 1647 906 1717 Issibilegationemml

57 1726 182 1780 civitates
192 1724 318 1792 suscepit.
349 1723 383 1776 Iu
391 1739 423 1776 oo
432 1723 530 1776 itinere
541 1723 690 1790 persuadet
703 1725 817 1794 Castico,
826 1726 907 1780 Gata-

57 1800 237 1854 urautaloedis
244 1801 307 1859 filio,
318 1800 451 1868 Sequano,
461 1798 539 1868 cujus
547 1802 628 1868 pater
639 1817 753 1868 regnum
763 1802 791 1854 in
805 1801 908 1871 Sequa-

57 1877 100 1929 nis
111 1876 213 1929 multos
225 1892 308 1928 anuos
321 1875 478 1929 obtinuerat
495 1878 524 1928 et
540 1891 557 1928 a
571 1881 667 1930 senatu
682 1878 774 1945 populi
791 1878 906 1932 Romani

58 1951 161 2006 amicus
173 1951 326 2020 appellatus
343 1955 411 2017 crat,
425 1954 458 2004 ut
469 1967 583 2018 regnum
596 1952 623 2004 in
640 1952 750 2006 civitate
764 1971 812 2006 sua
831 1971 906 2007 eccu-

57 2030 146 2097 paret,
163 2027 238 2096 quod
255 2032 335 2096 pater
353 2030 418 2080 ante
435 2025 587 2091 habuerat;
604 2027 726 2095 itemque
746 2029 906 2098 Dumnorigi

59 2104 167 2172 Aeduo,
183 2103 262 2157 fratri
279 2103 414 2171 Divitiaei,
430 2102 478 2171 qui
492 2119 526 2156 eo
540 2105 665 2172 tempore
680 2105 860 2172 principatum
879 2107 906 2159 in

58 2180 170 2234 civitate
179 2180 322 2234 obtinebat
331 2196 362 2234 ae
372 2179 488 2232 niaxime
497 2177 571 2247 plebi
581 2184 708 2248 aceeptus
717 2185 782 2246 erat
792 2185 823 2234 ut
832 2182 905 2234 idem

59 2259 203 2308 conaretur
214 2256 370 2324 persuadet,
382 2255 463 2324 eique
474 2254 558 2307 filiam
570 2271 647 2312 suam
661 2255 689 2308 in
704 2258 904 2310 niatrimoniunr

21 2379 29 2387 .
59 2329 115 2384 (lat
152 2331 285 2384 Perfacile
302 2332 378 2385 factu
396 2348 457 2385 esse
473 2331 526 2384 illis
543 2330 644 2400 probat
658 2335 753 2383 conata
767 2334 905 2398 perficere,

22 2396 34 2409 ‘
58 2409 205 2474 propterea
217 2406 291 2476 quod
303 2407 362 2476 ipse
374 2422 440 2461 suae
451 2408 570 2462 civitatis
581 2407 724 2475 imperium
744 2406 908 2462 obtenturus

59 2485 151 2548 csset;
171 2500 224 2536 non
242 2499 302 2537 csse
321 2483 434 2536 dubium
453 2485 518 2552 quin
536 2484 621 2536 tetius
639 2482 744 2537 Galliac
760 2484 906 2552 plrrrimum

61 2556 183 2611 Helvetii
200 2563 329 2626 possent;
354 2575 383 2612 sc
402 2560 459 2613 suis
477 2560 560 2628 copiis
584 2576 687 2628 suoque
710 2561 832 2613 exercitu
854 2561 908 2613 illis

59 2649 145 2700 regna
163 2634 368 2690 conciliaturum
387 2635 536 2689 confirmat.
574 2635 634 2687 llae
655 2635 776 2688 oratione
796 2637 908 2689 adducti

59 2708 132 2762 iuter
148 2727 178 2764 se
192 2711 276 2765 fidem
288 2716 317 2766 et
332 2711 528 2782 jusjurandum
545 2710 619 2776 dant,
632 2713 662 2763 et
677 2727 761 2778 reguo
778 2720 909 2780 occupato

60 2787 192 2852 perires
215 2788 419 2856 potentissimos
442 2804 474 2840 ae
497 2785 666 2839 firmissimos
688 2785 802 2854 populos
823 2788 910 2841 totius

62 2861 166 2917 Galliae
179 2879 240 2917 sese
251 2864 333 2933 potiri
346 2881 427 2933 posse
440 2866 557 2933 sperant.

113 2945 137 2992 4.
173 2938 214 2992 Ea
236 2956 282 2993 res
304 2944 347 2994 est
372 2939 507 2994 Helvetiis
531 2956 582 3008 per
607 2939 737 2994 indicium
761 2940 909 3000 enuntiata.

62 3013 186 3068 Moribus
207 3015 263 3068 suis
282 3015 473 3084 Orgetorigem
497 3032 531 3069 ex
552 3016 665 3071 vinculis
687 3034 795 3072 eausam
818 3018 912 3072 (licere

63 3095 226 3158 coegerunt:
246 3090 405 3144 damnatum
425 3108 539 3160 poenam
558 3093 635 3162 sequi
653 3094 798 3163 oportebat
810 3098 841 3148 ut
853 3094 911 3160 igni

11 3204 26 3238 5
58 3170 233 3220 cremaretur:
271 3166 327 3222 Dio
343 3169 493 3224 constituta
509 3185 609 3225 causas
623 3170 750 3224 dictionis
763 3170 916 3236 Orgetorix
