2018 3396
93 144 140 192 182
347 139 376 190 0.
394 138 494 190 JULII
511 138 686 188 CAESARIS

92 221 318 291 desperationem,
330 223 363 274 ut
374 219 405 273 id
415 235 469 272 non
481 219 619 272 hominum
631 219 751 286 consilio,
760 218 810 272 sed
822 217 947 273 Deorum

70 298 232 355 ‚voluntate
255 297 358 349 factum
379 297 517 364 putarent.
552 295 651 364 Itaque
673 294 839 349 necessitate
858 297 947 350 coacti

92 391 121 428 se
134 372 318 428 tradiderunt.
522 382 523 386 ’

144 455 186 502 44.
216 448 317 502 (laesor
335 464 419 516 quum
431 463 508 500 suam
519 446 661 500 lenitatem
673 447 808 515 cognitam
818 446 947 502 omnibus

92 525 182 594 sciret,
189 540 277 593 neque
287 525 431 578 vereretur
442 539 477 576 ne
490 522 558 592 quid
569 521 733 576 crudelitate
744 525 859 576 naturae
869 523 946 577 vide-

91 605 170 655 retur
180 601 303 670 asperius
314 599 419 666 fecisse,
431 615 522 667 neque
533 598 637 653 exitum
649 591 820 652 consiliorum
832 615 946 654 suorum

91 677 331 742 animaduerteret,
351 675 374 728 si
393 674 443 729 tali
461 674 567 729 ratione
586 673 700 728 diversis
719 675 747 728 iu
765 675 830 728 locis
850 675 945 742 plures

91 753 225 807 rebellare
238 751 349 806 consilia
360 751 482 817 inissent,
492 749 616 819 exemplo
629 750 753 820 supplicii
763 751 945 806 deterrendos

84 829 211 897 'reliquos
230 826 404 882 existimavit.
443 825 542 894 Italus
561 825 686 880 omnibus
706 827 754 895 qui
773 843 849 881 arma
872 827 945 881 tule-

90 909 155 958 rant
178 920 273 957 manus
296 901 446 972 praecidit;
462 901 548 955 vitam
571 903 713 971 concessit,
737 919 791 972 quo
813 904 944 957 testatior

91 983 165 1034 osset
177 995 264 1049 poena
281 977 474 1047 improborum.
511 976 646 1046 Drappes
659 995 740 1046 quom
756 981 866 1047 captum
882 995 944 1034 csse

90 1072 108 1109 a
120 1054 232 1109 Caninio
246 1053 333 1121 docui,
345 1052 402 1106 sive
413 1051 600 1120 indignatione
612 1057 641 1108 ct
656 1053 750 1108 dolore
765 1055 942 1120 vinculorum,

92 1131 149 1184 sive
167 1131 265 1184 timore
282 1128 415 1197 gravioris
432 1128 566 1197 supplicii,
589 1130 683 1198 paucis
705 1129 804 1184 diebus
827 1147 858 1184 se
880 1128 965 1184 cibo

91 1206 225 1260 abstinuit
236 1208 320 1272 atque
332 1205 372 1258 ita
383 1204 496 1258 interiit.
533 1204 637 1258 Eodem
649 1209 773 1274 tempore
790 1205 943 1277 Lucterius,

91 1298 172 1349 quem
183 1281 336 1350 profugisse
349 1296 382 1333 ex
395 1279 498 1348 proelio
514 1280 617 1348 scripsi,
631 1297 715 1348 quum
730 1281 759 1334 in
775 1285 940 1352 potestatem

90 1357 210 1411 venisset
223 1355 368 1424 Epasnacti
381 1355 506 1422 Arrenii,
518 1355 625 1420 (erebro
637 1355 709 1410 enim
721 1358 860 1412 narrtnndis
875 1358 942 1412 locis

90 1432 237 1486 multorum
256 1430 320 1485 fidei
339 1447 368 1484 so
380 1430 575 1498 committebat,
594 1431 669 1498 quod
685 1448 820 1500 nusquam
837 1433 942 1488 diutius

91 1507 149 1562 sino
171 1505 291 1576 periculo
307 1509 522 1560 commoraturus
539 1505 691 1574 videbatur,
709 1524 793 1574 quum
811 1509 863 1562 sibi
881 1527 943 1564 con·

91 1582 162 1635 scius
179 1585 252 1636 esset
271 1597 352 1649 quam
369 1581 507 1635 inimicum
525 1581 641 1637 deberet
659 1583 802 1638 Caesarem
819 1584 940 1650 habore,l

91 1657 162 1716 hunc
174 1658 344 1724 Epasnactus
361 1658 502 1711 Arvemus
517 1658 694 1733 amicissimus
711 1659 809 1728 Populi
825 1660 942 1714 Romani

91 1734 149 1787 siue
160 1731 330 1787 dubitatione
342 1732 398 1786 ulla
408 1733 530 1787 tinctum
541 1732 578 1786 ad
591 1734 735 1788 Gaesarem
748 1734 871 1790 deduxit.

142 1814 183 1863 45.
218 1807 355 1862 Labienus
367 1807 476 1861 iuterim
488 1809 516 1861 in
528 1808 647 1862 Treviris
663 1813 790 1878 equestre
806 1811 941 1879 proelium

90 1885 156 1939 facit
173 1883 339 1948 secundum
357 1883 596 1952 compluribusque
610 1885 732 1940 Treviris
745 1887 897 1941 interiectis
911 1891 942 1942 ct

91 1960 240 2026 Germanis,
258 1959 306 2028 qui
323 1959 390 2012 nulli
406 1959 537 2014 adversus
556 1960 693 2015 Romanos
708 1962 809 2015 auxilia
823 1962 942 2030 denega-

89 2035 163 2100 bant,
175 2036 311 2105 principes
319 2039 424 2088 ‘eorum
432 2035 508 2089 vivos
519 2036 633 2089 insuam
642 2037 745 2106 redigit
757 2041 924 2106 potestatem
934 2060 941 2103 ;

90 2115 172 2180 atque
184 2113 211 2165 in
223 2112 265 2166 his
283 2112 382 2165 Surum
400 2110 536 2178 Aeduum,
549 2113 596 2180 qui
613 2114 642 2165 et
659 2113 768 2166 virtutis
785 2116 814 2167 et
831 2115 941 2181 generis

91 2204 223 2240 summam
235 2186 406 2240 nobilitatem
418 2186 545 2255 habebat,
558 2186 684 2255 solusque
697 2205 731 2243 ox
745 2188 850 2249 Aeduis
862 2189 898 2242 ad
910 2189 941 2243 id

90 2267 199 2331 tempus
210 2265 399 2331 permanserat
411 2262 439 2315 in
451 2263 541 2317 armis.

142 2345 183 2393 46.
220 2337 260 2392 Ea
270 2354 301 2391 re
312 2338 423 2406 cognita
435 2338 537 2392 (laesae
548 2354 632 2406 quum
649 2338 678 2392 in
694 2338 818 2393 omnibus
835 2338 941 2394 Galliae

89 2415 214 2484 partibus
226 2413 295 2468 bene
306 2430 352 2468 res
362 2417 455 2482 gestas
466 2414 581 2481 videret,
589 2413 783 2484 judicaretque
795 2411 949 2484 superiori·'
966 2423 970 2434 '

90 2490 142 2544 bus
154 2490 263 2544 aestivis
277 2489 392 2544 Galliam
404 2489 540 2543 devictam
552 2494 581 2543 et
592 2489 734 2544 subactam
746 2507 813 2557 esse,
823 2492 941 2558 Aquita

89 2567 162 2620 niam
168 2582 314 2633 numquam
322 2564 402 2635 [ipse]
409 2565 519 2632 adisset,
529 2565 578 2619 sed
584 2582 634 2635 per
644 2565 674 2619 P.
685 2567 812 2620 Crassum
821 2566 940 2634 quadam

89 2644 214 2710 exparte
225 2641 380 2709 devicisset,
392 2658 454 2695 curn
467 2655 491 2694 11
502 2641 654 2709 legionibus
665 2642 693 2695 in
706 2659 766 2696 eam
777 2645 884 2710 partem
896 2645 941 2697 ost

89 2719 233 2786 profectus,
248 2720 281 2771 ut
292 2717 331 2770 ibi
344 2720 498 2770 extremum
516 2720 623 2783 tempus
639 2721 810 2771 consumeret
823 2718 940 2771 aestivo-

89 2809 165 2859 run13
184 2809 266 2862 quam
278 2809 344 2860 rem,
357 2792 428 2846 sicut
439 2796 539 2860 cetera,
553 2792 681 2846 celeriter
694 2792 864 2860 feliciterque
878 2809 941 2846 con-

87 2869 160 2936 iecit,
178 2885 296 2938 namque
319 2884 412 2921 ‹orrnres
439 2868 603 2936 Aquitaniae
626 2868 751 2922 civitates
775 2868 879 2935 lagatos
902 2869 941 2924 ad

72 2959 138 2996 curn
162 2944 304 3000 miserunt
323 2942 494 3015 obsidesque
511 2944 539 2999 ei
555 2944 699 2998 dedorunt,
733 2943 838 3008 Quibus
854 2945 940 2999 rebus

49 3020 152 3082 gestis
160 3021 230 3090 ipse
242 3042 310 3082 cum
329 3023 464 3096 equitum
479 3020 622 3094 praesidio
634 3018 798 3074 Narbonem
807 3019 950 3084 protessus

37 3095 92 3157 0³⁶,
109 3102 286 3160 exereitum
302 3122 361 3178 per
377 3104 500 3176 legatos
516 3101 547 3154 in
558 3097 686 3153 lriberna
698 3089 832 3146 denudas
847 3092 966 3153 quatuor

33 3162 164 3232 'eglom
176 3177 213 3236 in
229 3182 342 3258 Belgio
356 3179 529 3244 collocavit
540 3192 612 3234 crum
620 3173 665 3229 bi.
682 3163 808 3225 antonio
823 3164 856 3214 et
868 3159 982 3210 mna
