2018 3396
452 130 562 178 LIBER
584 131 634 180 IV.
927 139 958 185 gp

109 215 193 281 atque
204 212 269 266 inde
284 211 384 280 fundis,
398 212 515 280 sagittis,
529 211 673 266 tormentis
689 213 783 268 hostes
796 215 912 284 propelli
928 233 959 270 ac

109 288 272 343 summoveri
288 288 394 358 jussit,
409 304 479 356 quae
500 304 545 342 res
568 304 667 356 magno
691 289 753 342 usui
776 291 875 344 nostris
898 292 958 346 fuit.

46 387 51 400 ·
110 364 181 417 Nam
198 368 227 418 et
245 365 353 417 navium
373 365 461 432 figura
479 367 508 418 et
527 381 665 418 remorum
686 368 763 418 motu
781 370 811 419 ct
829 366 960 422 inusitato

108 456 209 507 genere
227 442 426 493 tormentorum
450 438 568 508 permoti
591 438 702 493 barbari
725 440 908 496 constiterunt
928 461 960 498 ac

109 515 218 582 paulum
229 514 311 568 modo
323 514 422 582 pedem
434 515 608 569 rettulerunt.
646 517 741 583 Atque
752 517 852 570 nostris
868 519 960 574 militi-

109 590 160 644 bus
171 590 361 645 cunctantibus
373 591 490 642 maxime
501 594 616 658 propter
628 591 801 645 altitudinem
813 595 903 661 maris,
913 594 960 662 qui

109 666 230 720 decimae
241 665 357 734 legionis
369 665 488 734 aquilam
500 665 614 735 ferebat,
626 671 794 722 contestatus
806 668 872 722 deos
884 673 915 722 ut
927 687 960 724 ea

108 759 152 796 ros
172 743 271 811 legioni
295 742 411 796 feliciter
423 743 551 810 eveniret,
564 744 793 813 Desilite,inquit,
803 746 960 799 commilito

35 823 39 828 '
107 835 163 886 ncs,
174 820 224 872 nisi
234 819 317 872 vultis
326 819 445 888 aquilam
454 818 578 873 hostibus
588 815 716 888 prodere:
729 823 861 889 egocerte
870 838 961 881 meum

107 894 288 964 reipublicae
309 899 392 964 atque
413 896 571 964 imperatori
584 897 879 966 officiumpraestitero.
898 898 960 952 Hoc

108 989 192 1040 quum
204 989 268 1025 voce
280 989 379 1040 magna
391 971 515 1039 dixisset,
529 989 558 1025 se
570 989 604 1025 ex
620 973 681 1025 nari
700 972 815 1041 projecit
831 978 914 1042 atqim
932 975 960 1028 in

108 1047 200 1102 hostes
216 1048 334 1117 aquilam
346 1048 419 1101 ferre
432 1049 529 1117 coepit.
566 1049 633 1101 Tum
647 1049 733 1101 nostri
745 1048 879 1102 cohortati
888 1050 962 1103 inter

107 1128 316 1191 squamatum
333 1124 453 1178 dedecus
472 1124 673 1191 admitteretur,
697 1125 815 1178 universi
825 1169 828 1172 ⁴
839 1142 873 1179 ex
898 1126 960 1180 navi

107 1201 282 1255 desiluerunt.
320 1200 381 1253 Hos
390 1201 457 1254 item
470 1217 504 1252 ex
515 1200 646 1268 proximis
653 1201 747 1268 primis
756 1200 869 1254 navibus
876 1218 960 1270 quum

38 1327 43 1338 ,
106 1277 318 1346 conspexissent,
331 1276 470 1336 subsecuti
482 1275 606 1328 hostibus
618 1277 880 1346 appropinquarunt.

159 1359 200 1407 26.
237 1353 393 1420 Pugnatum
411 1355 454 1405 est
471 1351 506 1404 ab
522 1351 646 1419 utrisque
664 1352 770 1406 acriter.
806 1353 902 1406 Nostri
919 1357 962 1408 ta-

106 1446 177 1496 men,
186 1428 261 1497 quod
270 1445 359 1496 neque
367 1427 477 1480 ordines
485 1443 593 1480 servare
604 1444 693 1496 neque
701 1427 818 1482 tirmiter
827 1429 960 1498 insistere,

109 1521 199 1573 neque
212 1505 290 1572 signa
304 1503 433 1572 subsequi
447 1505 582 1572 poterant,
595 1508 678 1571 atquo
692 1503 762 1556 alius
779 1503 831 1557 alia
849 1521 883 1558 ex
898 1506 961 1560 navi

108 1580 314 1648 quibuscunque
338 1580 421 1646 signis
447 1581 602 1632 occurrerat
620 1595 649 1632 se
672 1578 846 1647 aggregabat,
862 1596 961 1648 magno

107 1672 190 1724 opere
201 1654 443 1724 perturbabantur:
461 1653 553 1708 hostes
565 1671 629 1709 vero
641 1656 714 1708 notis
733 1654 858 1708 omnibus
875 1656 961 1722 radis,

107 1732 155 1786 ubi
167 1749 200 1785 ex
211 1732 292 1785 litore
304 1731 409 1799 aliquos
421 1730 572 1798 singulares
585 1747 619 1784 ex
633 1731 695 1784 navi
708 1731 883 1799 egredientes
899 1749 961 1786 con-

108 1809 261 1877 spexerant,
274 1807 394 1860 incitatis
406 1806 485 1875 equis
496 1806 645 1874 impeditos
658 1806 861 1874 adoriebantur,
869 1808 961 1875 plures

107 1899 208 1952 paucos
223 1882 467 1948 circumsistebant,
481 1883 528 1935 alii
543 1882 577 1935 ab
595 1883 682 1937 latere
698 1886 794 1953 aperto
811 1882 839 1935 in
855 1885 961 1937 univer·

108 1977 152 2013 sos
181 1960 237 2014 tela
265 1958 453 2027 conjiciebant.
500 1959 579 2023 Quod
610 1976 694 2027 quum
722 1960 961 2015 animadvertisset

108 2036 214 2102 (laesor,
240 2035 352 2103 scaphas
380 2035 521 2103 longarum
545 2051 662 2103 navum
686 2036 753 2090 item
783 2035 961 2104 speculatoria

62 2174 67 2184 ι
107 2111 214 2180 nasigic
226 2111 296 2165 milit
297 2111 358 2164 ibus
370 2109 520 2179 compleri
507 2111 627 2178 Jussite
629 2114 721 2179 tquos
731 2111 888 2165 laborantes
899 2127 960 2164 con-

107 2191 242 2256 spexerat,
266 2187 308 2240 lais
332 2185 453 2239 subsidia
477 2186 664 2240 submittebat.
700 2187 795 2241 Nost'trr
825 2187 940 2239 simul
932 2205 960 2241 ιιι

42 2254 55 2273 ’
107 2263 184 2316 arido
208 2279 271 2316 cons
273 2263 405 2329 titertmt,
421 2262 477 2315 suis
499 2262 624 2314 omnibus
646 2263 826 2316 consecutis
819 2280 846 2315 111
868 2263 961 2317 hostes

107 2339 241 2407 impetum
254 2339 377 2392 fecerunt
394 2341 478 2406 atque
497 2353 543 2390 eos
561 2339 589 2390 in
607 2338 699 2405 fugam
718 2338 855 2393 dederunt
872 2355 960 2407 neque

107 2415 213 2482 longius
224 2414 354 2483 prosequi
365 2416 521 2483 potuerunt,
535 2413 609 2482 quod
621 2414 730 2482 equites
743 2430 851 2468 cursum
866 2417 960 2468 tenere

107 2496 191 2558 atque
212 2490 326 2544 insulam
346 2506 443 2557 capere
466 2505 521 2542 non
544 2493 696 2558 potuerant.
734 2491 795 2543 Hoc
818 2507 901 2543 unum
925 2490 960 2542 ad

107 2566 250 2635 pristinam
263 2565 400 2619 fortunam
414 2565 526 2620 Caesari
538 2565 637 2621 defuit.
993 2556 1004 2575 ⁸

159 2646 199 2698 27.
237 2641 339 2695 Hostes
351 2641 454 2709 proelio
467 2641 596 2709 superati,
609 2642 689 2694 simul
701 2644 786 2708 atque
800 2656 830 2693 se
846 2657 880 2693 ex
896 2640 961 2709 fuga

106 2721 275 2786 receperunt,
293 2717 387 2771 statim
405 2717 441 2770 ad
460 2717 603 2771 Caesarem
621 2717 727 2784 legatos
744 2715 780 2769 de
797 2732 864 2783 paco
881 2715 960 2768 misc-

105 2798 178 2857 ruat,
191 2792 300 2847 obsides
313 2791 425 2847 daturos
443 2809 568 2862 quaeque
584 2792 747 2860 imperasset
762 2790 883 2844 facturos
902 2807 960 2844 seso

106 2868 218 2938 polliciti
238 2871 307 2922 sunt.
344 2868 407 2922 Una
424 2884 486 2922 cum
504 2867 546 2920 his
564 2867 662 2934 legatis
682 2866 819 2921 Commius
838 2866 960 2919 Atrebas

107 2944 190 3010 venit,
201 2959 283 3012 quem
294 2960 377 3013 supra
388 2944 514 2997 domonst
515 2959 638 2996 raveram
651 2960 667 2997 a
681 2943 798 2996 Caesare
810 2943 838 2995 in
851 2941 960 2995 Britan-

107 3021 180 3074 niam
192 3019 381 3088 praemissum
419 3020 501 3075 Hunc
512 3018 552 3071 illi
564 3034 579 3072 e
592 3020 654 3072 navi
666 3035 813 3087 egressum,
827 3034 911 3087 quum
924 3017 961 3071 ad

107 3112 155 3150 eos
175 3095 291 3149 oratoris
308 3095 389 3151 modo
408 3095 533 3152 Caesaris
550 3094 688 3149 mandata
698 3059 842 3153 deterreh
850 3102 984 3156 cessare

105 3170 301 3241 beaderauta
284 3173 371 3244 atque
393 3173 426 3230 in
448 3170 564 3227 macaria
584 3168 793 3240 coageeerantx
806 3165 881 3212 aaa
891 3149 1006 3214 qaam
