2018 3396
56 155 89 201 22
313 149 342 197 C.
360 148 463 197 dULll
478 148 653 197 CAESARIS

55 238 120 289 sunt
137 232 257 287 omnium
273 234 388 295 mentes,
407 244 566 297 summeque
583 229 710 283 alacritas
724 232 755 283 et
771 229 910 299 cupiditas

54 309 121 363 bclli
137 307 251 376 gerendi
267 307 363 359 inuste
373 310 432 369 est;
447 306 628 375 princepsque
645 304 752 359 decime
766 304 841 373 legio
856 322 909 375 per

55 386 180 439 trilmnos
197 383 315 436 militum
333 382 358 435 ci
375 382 478 449 gratius
497 380 556 449 egit
579 380 655 450 quod
671 382 708 435 de
725 397 755 434 so
772 383 907 450 optimum

50 461 185 529 judicium
197 460 315 523 fecisset,
327 474 411 525 seque
423 474 482 511 csse
493 456 530 510 od
544 456 647 510 bellum
663 456 816 525 gerendum
827 474 907 527 pern-

54 538 187 589 tissimnm
210 534 387 588 consimilavit.
430 532 538 586 Deinde
560 524 682 602 reliquae
705 533 826 601 legiones
844 550 907 587 eum

54 612 173 665 tribunis
191 612 308 664 militum
332 614 362 663 ct
379 610 528 677 primorum
552 610 678 662 ordinum
702 609 907 663 centurionibus

54 690 171 754 egerunt
182 688 224 740 uti
238 686 347 740 Caesari
359 684 562 738 satisfacerent:
580 702 610 737 se
622 701 673 738 nce
685 701 816 753 umquem
828 684 907 738 dubi·

54 766 128 817 tusse
141 780 230 832 neque
242 763 372 823 timuisse,
385 779 474 830 neque
488 760 524 814 de
538 777 644 814 summu
657 759 723 813 belli
737 777 817 814 suum
829 760 905 828 judi-

56 839 128 892 cium
140 839 191 893 sed
206 840 379 908 imperatoris
394 855 454 892 csse
470 837 672 891 existimetissc.
708 837 812 890 Eorum
829 837 907 891 sotis-

52 914 173 968 factiouc
190 920 308 984 acceptu,
325 920 355 968 ct
377 915 475 968 itincre
499 913 634 982 exquisito
658 929 709 982 por
732 912 906 979 Divitiacum,

54 991 128 1058 quod
146 1009 181 1045 cx
198 992 300 1045 eliisei
318 991 464 1043 stinxinmm
487 990 571 1043 fidem
594 988 722 1051 habebut,
746 991 779 1041 ut
801 988 907 1043 milimn

53 1068 170 1135 emplius
194 1067 391 1135 ‹prinqnugints
413 1066 527 1119 circuitu
551 1065 617 1118 locis
635 1062 739 1133 opertis
756 1065 907 1119 exereitum

54 1140 174 1202 duceret.
191 1142 227 1194 dc
250 1146 348 1208 qumtn
372 1142 469 1208 vigilio,
492 1148 525 1195 nt
548 1141 664 1208 (bremt,
687 1141 828 1208 proiectus
855 1146 908 1194 est.

55 1218 177 1286 Septimo
196 1217 240 1270 dio
259 1234 342 1285 quum
362 1217 415 1270 iter
434 1233 487 1270 non
507 1217 711 1282 intermitteret,
730 1215 765 1268 ab
785 1216 909 1284 explem-

54 1294 160 1347 toribus
177 1293 277 1346 certior
288 1292 376 1345 tectus
388 1296 430 1346 cst
445 1293 576 1346 Ariovisti
590 1292 681 1360 copies
693 1308 710 1344 e
721 1292 823 1344 nostris
837 1292 908 1345 mili-

54 1369 106 1422 bus
117 1386 245 1438 pessunm
260 1385 292 1421 iv
305 1372 334 1421 ct
346 1384 383 1420 xx
396 1368 497 1421 obesse.

106 1451 147 1499 42.
183 1446 298 1513 Cognito
311 1444 434 1498 Ceosoris
446 1444 566 1497 adventu
579 1442 736 1497 Ariovistus
749 1443 855 1511 legatos
869 1444 907 1497 ed

54 1539 116 1574 cnm
128 1522 226 1576 mittit:
247 1520 328 1585 Quod
336 1524 421 1573 entes
433 1519 468 1572 de
481 1518 614 1586 colloquio
626 1518 800 1587 postulasset,
812 1519 843 1571 id
855 1536 908 1587 por

54 1614 83 1649 so
96 1598 155 1650 limi
167 1598 247 1650 licere
259 1595 387 1664 quoniam
398 1596 508 1662 propius
520 1594 692 1658 accessisset3
708 1611 792 1662 seque
804 1594 835 1647 id
846 1595 906 1649 sine

53 1673 173 1739 periculo
184 1674 274 1725 facore
290 1688 370 1740 posse
386 1671 552 1724 existimare.
586 1669 611 1721 N
614 1686 649 1722 on
668 1670 774 1738 respuit
792 1670 906 1723 conditi-

54 1765 133 1801 onem
146 1750 252 1814 Cacsar,
266 1748 380 1814 juliique
393 1763 455 1799 enm
467 1745 504 1798 ed
516 1746 662 1798 militatem
673 1746 776 1799 reverti
788 1745 906 1799 arbitre-

53 1824 142 1890 batur,
152 1841 234 1893 quum
246 1823 276 1876 id
285 1822 358 1891 quod
368 1825 450 1875 orites
458 1821 563 1889 petenti
573 1821 737 1888 denegasset
746 1821 819 1874 ultro
826 1822 905 1890 polli-

53 1903 168 1965 ceretur,
186 1915 366 1966 rmignamque
383 1899 411 1952 in
429 1914 506 1965 spem
524 1896 652 1950 veniebat
668 1914 719 1964 pro
740 1897 796 1950 suis
819 1899 905 1952 tentis

53 1977 197 2043 pipulique
210 1976 324 2028 llommii
337 1976 366 2026 iu
378 1991 440 2026 eum
453 1972 591 2026 beneficiis
608 1973 724 2037 cognitis
740 1973 795 2026 suis
811 1977 906 2042 postu-

53 2050 116 2104 letis
128 2052 185 2103 iore
194 2051 235 2102 uli
247 2051 397 2119 pertinacis
409 2049 561 2102 desisteret.
591 2048 657 2101 Dios
669 2049 801 2117 colloquio
813 2049 905 2104 dictus

52 2130 149 2179 estex
170 2142 202 2179 eo
224 2126 270 2179 die
290 2126 408 2194 quintus.
445 2125 561 2178 Interim
585 2141 666 2194 saepe
688 2125 762 2178 ultro
781 2126 905 2195 citroque

53 2218 135 2268 quum
147 2202 231 2269 legati
242 2202 316 2254 inter
327 2218 373 2255 eos
384 2201 568 2268 mitterentur,
586 2201 740 2254 Ariovistus
756 2203 905 2270 postidevit

51 2292 173 2344 nequem
180 2277 301 2345 peditem
309 2277 345 2330 ed
352 2277 515 2345 colloquium
524 2277 624 2330 Caesar
631 2276 794 2332 adduceret:
805 2278 903 2332 Vereri

53 2368 82 2405 so
95 2369 129 2406 ne
145 2369 195 2421 per
208 2353 319 2406 insidias
335 2353 370 2406 ub
386 2369 418 2406 eo
437 2352 690 2407 circumveniretur:
708 2358 825 2423 uterque
840 2370 904 2408 oum

52 2429 178 2497 equitatu
193 2429 313 2494 veniret3
332 2429 505 2482 alteratione
524 2445 584 2482 sese
602 2446 657 2483 non
674 2446 733 2483 esse
749 2432 903 2483 venturum.

52 2505 160 2573 Caesar,
179 2505 253 2574 quod
274 2522 363 2574 neque
387 2504 548 2572 colloquium
567 2505 727 2574 interposite
745 2521 826 2558 ceusu
844 2506 904 2559 tolli

52 2581 161 2635 volebat
173 2599 263 2650 neque
276 2582 391 2635 salutem
402 2596 478 2633 suem
489 2581 628 2635 Gallorum
638 2582 771 2650 equitatui
781 2583 904 2635 commit-

52 2662 111 2712 tere
124 2658 251 2724 andebat‚
261 2656 506 2711 commodissimum
516 2674 576 2711 esse
586 2658 683 2711 statuit
692 2657 818 2711 omnibus
827 2660 904 2725 equis

53 2735 139 2789 Gallis
152 2734 289 2803 equitibus
301 2733 432 2786 detractis
449 2750 481 2786 co
497 2732 658 2801 legionarios
673 2734 774 2787 milites
789 2734 904 2802 legionis

53 2810 180 2877 decimae,
190 2810 449 2879 cuiquammexime
459 2810 905 2879 confidebat,imponero,utpree-

53 2886 151 2939 sidium
163 2904 244 2955 quem
257 2887 454 2954 amicissimum,
471 2887 576 2954 siquid
592 2904 659 2955 opus
675 2886 748 2940 fecto
764 2889 846 2953 esset,
858 2886 905 2939 he-

52 2960 137 3016 beret.
176 2962 255 3026 Quod
267 2980 352 3031 quum
363 2963 450 3029 fieret,
459 2979 512 3015 nou
522 2962 661 3016 irridiculo
669 2962 781 3031 quidem
790 2979 825 3016 ex
833 2962 904 3015 mili-

51 3037 125 3091 tibus
138 3038 259 3092 docimee
270 3039 384 3107 legionis
401 3039 479 3107 dixit,
493 3038 558 3092 Plus
574 3056 655 3108 quam
674 3038 810 3107 pollicitus
828 3040 905 3091 esset

53 3114 198 3168 Caesarem
210 3115 315 3180 facero;
326 3116 476 3182 pollicitum
484 3132 513 3168 se
520 3115 548 3168 in
555 3115 673 3168 cohortis
681 3114 835 3184 praetorius
842 3112 903 3167 loco

51 3188 323 3257 dccimsmlegioncm
332 3189 627 3261 habiturum[nunc]ed
636 3207 736 3258 cqmun
744 3186 903 3246 rescribere.
