2018 3396
54 122 85 170 al
309 117 337 165 G.
355 116 374 165 J
376 115 458 165 ULII
475 115 648 165 CAESARIS

53 204 111 255 tum
120 199 223 268 proelio
232 198 333 252 nostris
343 197 444 252 Caesar
454 197 654 251 suosineostra
662 197 780 255 reduxit.
803 200 908 257 Hostes

53 277 176 346 protinus
196 291 231 328 ex
250 290 282 328 eo
301 273 359 327 loeo
379 273 415 325 ed
433 272 534 326 flumen
555 275 680 328 Axonam
700 276 908 344 contenderint,

53 352 128 421 quod
148 367 209 405 esse
229 353 291 419 post
312 353 406 404 nostra
426 353 517 404 castra
538 350 753 404 demonstratum
775 356 825 406 est.
864 355 907 407 lbi

52 427 129 482 vadis
153 427 271 496 repertis
296 429 402 494 partem
426 441 537 479 suarum
565 426 702 493 copiarum
729 428 909 483 transducere

52 503 142 556 eonati
155 504 226 568 sunt,
238 518 270 555 eo
282 501 394 555 oonsilio
404 505 443 569 ut,
455 502 478 555 si
490 504 609 570 possent,
622 501 764 555 castellum
777 505 820 559 oui
832 522 909 573 pree·

53 584 113 632 erat
131 579 162 643 Q.
177 577 298 630 Titurius
314 576 422 644 legatus
440 581 628 646 expugnarent
645 581 812 646 pontemque
826 580 909 635 iuter-

53 655 222 708 seiuderent:
242 653 369 706 siminus
384 654 546 720 potuissent,
564 670 644 722 agros
661 653 809 708 Remorum
823 673 909 728 popu-

52 730 183 797 larentur,
203 729 250 797 qui
274 746 373 797 magno
394 729 473 782 nobis
495 730 556 782 usui
577 729 614 783 ad
633 729 736 784 bellum
756 727 908 798 gerendum

53 811 139 875 eraut,
152 810 359 875 commeatuque
371 809 479 859 nostros
491 806 677 874 prohiberent.

107 887 147 936 10:
184 883 284 937 Caesar
304 883 404 935 certior
423 882 511 935 faetus
531 882 566 935 ab
586 883 691 936 Titurio
707 899 816 938 omnem
832 885 908 952 equi-

53 962 143 1016 tatum
167 961 196 1012 et
219 958 286 1011 levis
309 961 464 1012 armaturae
489 957 630 1026 Numidas,
650 958 804 1014 funditores
825 961 908 1028 sagit

53 1036 193 1104 tariosque
217 1038 328 1102 pontem
352 1035 508 1088 transducit
531 1038 615 1102 atque
636 1034 673 1087 ad
693 1052 739 1089 eos
760 1037 908 1091 contendit.

55 1111 167 1164 Acriter
187 1110 215 1163 in
236 1125 269 1163 eo
289 1109 348 1162 leco
371 1116 522 1177 pugnatum
546 1116 596 1164 est.
634 1110 737 1164 Hostes
760 1111 907 1180 impeditos

53 1187 140 1240 nostri
161 1186 189 1239 in
214 1185 325 1239 flumine
349 1186 470 1252 aggressi
494 1202 623 1254 magnuru
647 1203 740 1240 eorum
763 1204 907 1242 numerum

54 1263 224 1316 oeciderunt:
255 1279 305 1331 per
328 1279 422 1316 eorum
445 1279 559 1331 corpora
584 1263 704 1330 reliquos
728 1263 907 1317 audacissime

54 1340 172 1392 transire
184 1342 312 1392 conantes
324 1338 502 1391 multitudine
513 1339 629 1392 telorum
644 1339 835 1407 reppulerunt3
852 1341 907 1410 pri-

53 1432 113 1469 mos
125 1417 172 1484 qui
184 1416 349 1468 transierant
362 1415 487 1482 equitatu
497 1415 694 1469 circumventos
703 1415 906 1470 interfeccmurt.
947 1460 958 1485 ,

56 1492 167 1558 Hostes,
179 1492 226 1545 uui
248 1495 276 1545 ot
298 1491 332 1543 de
357 1491 537 1559 expugnando
562 1491 661 1560 oppido
685 1495 714 1544 et
738 1491 773 1545 de
796 1491 907 1546 flumine

53 1567 220 1621 transeundo
233 1581 307 1635 spem
321 1583 350 1619 se
360 1566 488 1620 fefellisse
497 1566 692 1621 intellexerunt
701 1584 790 1636 neque
799 1571 906 1621 nostros

53 1642 185 1696 inlocum
201 1643 360 1711 iniquiorem
379 1643 507 1709 progredi
523 1643 663 1711 pugnandi
678 1659 758 1710 eausa
770 1643 906 1705 viderunt,

54 1721 138 1786 atque
145 1717 269 1786 ipsosres
277 1718 454 1771 frumentaria
464 1718 581 1772 deficere
591 1719 687 1787 eoepit,
694 1718 805 1772 concilio
813 1735 907 1772 convo-

54 1799 116 1847 cate
128 1795 329 1847 constituerunt
341 1795 473 1862 optimum
486 1811 546 1849 esse
558 1788 758 1847 domum‘suam
771 1811 906 1863 quemque

54 1870 164 1936 reverti,
177 1872 206 1922 et
222 1887 337 1937 quorum
352 1871 381 1923 in
398 1871 465 1924 fines
483 1871 601 1939 primum
623 1869 738 1923 Romani
756 1870 906 1923 exercituin

54 1944 275 2010 introduxissent,
285 1946 322 1999 ad
333 1963 380 2000 ees
392 1947 577 2000 defendendos
589 1945 711 2015 undique
723 1947 905 2012 convenirent,

54 2024 86 2073 ut
98 2021 188 2087 potius
204 2021 232 2073 in
249 2022 304 2074 suis
321 2039 403 2090 quam
418 2023 446 2075 iu
462 2022 556 2075 olienis
571 2022 671 2075 finibus
687 2021 862 2075 decertarent
877 2026 906 2074 el

40 2095 211 2156 ‚domesticis
225 2097 309 2164 copiis
327 2099 365 2150 rei
383 2099 577 2151 frumentariae
593 2101 744 2152 uterentur.
781 2097 830 2156 Ad
846 2114 906 2158 eam

55 2171 218 2224 sententiam
238 2188 300 2224 eum
320 2172 431 2240 reliquis
451 2175 538 2226 causis
558 2174 625 2226 haee
645 2189 753 2242 quoque
771 2173 842 2227 ratio
860 2189 907 2226 eos

55 2246 179 2314 deduxit,
195 2247 270 2314 quod
286 2247 450 2301 Divitiacum
466 2253 550 2317 atque
568 2249 679 2302 Aeduos
700 2247 798 2302 linibus
817 2247 907 2302 Bello-

54 2338 181 2376 vacorum
193 2322 413 2392 adpropinquare
429 2328 624 2391 cognoverant:
642 2323 685 2377 his
700 2324 860 2392 persuaderi
875 2328 907 2378 ut

55 2397 158 2451 diutius
183 2402 357 2472 morarentur
379 2415 470 2467 neque
494 2400 550 2453 suis
574 2400 703 2457 auxilium
725 2399 831 2456 ferrent
853 2415 907 2458 nou

54 2477 170 2544 poterat.

109 2557 148 2604 ll.
184 2551 225 2606 Ea
245 2567 276 2604 re
296 2551 446 2604 constituta
469 2552 589 2604 seeundo
611 2551 702 2619 vigilia
724 2567 823 2619 magno
845 2569 907 2607 cum

55 2628 175 2696 strepitu
194 2644 225 2681 ae
245 2627 367 2681 tumultu
387 2626 484 2680 eastris
505 2627 606 2694 egressi
626 2627 699 2680 nullo
717 2630 792 2681 certo
810 2627 906 2682 ordine

54 2720 145 2772 neque
153 2704 275 2773 imperio,
285 2720 370 2772 quum
383 2703 435 2757 sibi
447 2703 562 2772 quisque
573 2704 691 2772 primum
704 2703 809 2757 itineris
818 2704 907 2758 locum

54 2783 164 2848 peteret
189 2783 217 2833 et
238 2780 349 2833 domum
371 2780 515 2847 pervenire
540 2783 706 2847 properaret,
727 2780 852 2834 fecerunt
874 2784 907 2833 ut

56 2856 201 2910 consimilis
225 2857 306 2923 fugae
330 2856 462 2924 profectio
486 2855 632 2909 rideretur.
674 2856 735 2910 Hae
758 2872 789 2909 re
812 2856 906 2910 statim

57 2935 157 2985 Caesar
174 2949 225 3000 per
244 2932 427 3000 speculatores
447 2933 556 3000 cognita
574 2932 687 2986 iusidias
705 2933 816 2999 veritus,
831 2930 906 3000 quod

56 3024 110 3074 qua
130 3008 166 3061 de
187 3025 268 3062 eausa
289 3008 464 3062 discederent
482 3007 603 3062 nondum
622 3010 809 3077 perspexerat,
829 3022 906 3060 exer-

55 3082 139 3136 eitum
152 3085 361 3152 equitatumque
375 3085 473 3138 eastris
486 3084 625 3139 continuit.
664 3084 756 3138 Primo
770 3083 830 3136 luce
846 3098 907 3136 con-

56 3157 166 3216 firmata
178 3176 209 3218 re
223 3159 258 3218 ab
272 3161 490 3232 exploratoribus
505 3177 612 3217 omnem
628 3160 783 3230 equitatum
797 3158 845 3227 qui
860 3174 907 3213 uo-
