2018 3396
94 117 143 166 164
351 114 380 163 o.
398 113 501 164 sunu
519 112 694 161 causamn
770 79 777 86 ’

94 195 176 250 Ouur
195 194 284 249 Gallia
303 194 412 250 devicta
432 196 534 250 Caesar
552 211 636 263 quum
654 209 671 248 a
690 194 831 263 superiore
846 199 954 250 aestate
990 232 992 238 ‹

98 273 202 326 nullum
210 271 330 325 bellandi
339 275 448 340 tempus
456 270 955 339 intermisisset,militesquehiberno-

48 380 51 385 ·
94 367 159 403 rum
171 347 264 418 quiete
276 348 390 402 relicere
406 347 523 402 utentis
539 347 677 400 laboribus
692 347 784 413 vellet,
800 348 955 417 complures

96 425 194 479 eodem
210 428 335 492 tempore
351 424 476 477 civitates
491 439 622 477 renouare
638 421 703 476 belli
718 424 831 477 consiliu
845 425 955 479 rumein-

96 500 199 555 bantur
217 499 474 569 eonjuratienesque
497 499 594 552 faeere.
624 498 717 566 'Cujus
738 499 779 553 rei
799 501 955 554 verisimilis

95 593 177 631 cansa
192 576 375 641 adserebatur,
390 575 465 645 quod
482 575 568 630 Gallis
583 576 708 629 omnibus
723 576 862 644 cognitum
879 583 955 632 essct

95 669 185 723 neque
208 652 264 707 ulla
287 652 464 707 multitudine
486 652 515 706 in
537 669 623 705 unum
643 652 731 706 loeuur
749 657 844 708 coacta
861 654 953 707 resisti

95 746 176 798 posse
194 728 332 796 Romanis,
349 745 407 795 noc,
425 729 448 782 si
468 728 578 783 diversa
594 726 667 782 bella
684 729 838 798 complures
855 728 952 784 codem

95 813 221 875 tempore
244 805 361 860 inissent
383 805 518 870 civitates,
537 804 605 858 satis
622 805 715 858 auxilii
735 809 784 860 aut
800 805 882 875 spatii
904 812 953 860 aut

96 882 236 950 copiarum
249 881 406 936 habiturum
418 882 569 935 exercitmu
584 880 679 950 Populi
693 881 807 935 Romani
817 881 954 936 adomnia

95 957 301 1027 persequenda:
319 973 373 1011 non
393 973 454 1010 esse
469 959 563 1010 alutem
577 956 656 1010 alicui
673 957 779 1011 civitati
794 961 897 1011 sortem
912 959 950 1010 iu·

95 1034 231 1088 commodi
250 1032 437 1100 recusandam,
453 1032 476 1086 si
493 1033 542 1086 tali
558 1048 634 1086 ruera
649 1032 772 1102 reliquae
789 1036 904 1102 possent
923 1049 953 1087 sc

95 1109 237 1164 vindicare
249 1109 277 1163 in
289 1108 454 1163 libertatem.

150 1192 173 1240 2.
211 1187 288 1252 Quae
302 1201 337 1240 ne
353 1184 443 1254 opinio
461 1184 601 1238 Gallorum
618 1185 835 1252 confirmaretur,
851 1183 953 1239 Caesar

95 1262 134 1316 M.
155 1263 304 1317 Antonium
324 1265 497 1330 quaestorem
514 1261 570 1314 suis
588 1262 720 1328 purclccit
739 1261 875 1315 hibernis:
892 1261 952 1330 ipse

96 1356 159 1392 eum
168 1339 308 1407 equitatus
318 1335 457 1406 praesidio
467 1335 558 1406 pridie
571 1337 632 1390 Kal.
645 1337 793 1390 Jarruarias
803 1336 840 1389 ab
851 1337 953 1405 oppido

97 1415 227 1468 Bibracte
239 1413 422 1484 proficiscitur
434 1412 469 1465 ad
483 1411 618 1479 legionem
630 1427 692 1474 xur,
706 1429 787 1481 quam
802 1429 857 1466 non
871 1413 952 1480 louge

96 1507 114 1544 a
134 1490 233 1544 finibus
252 1489 412 1544 Aeduorum
430 1486 610 1542 collocaverat
628 1488 771 1542 infinibus
785 1488 951 1556 Biturigum,

95 1566 178 1634 cique
190 1565 318 1633 adjungit
329 1564 462 1632 legionem
473 1579 510 1631 x1,
524 1580 596 1633 quae
608 1565 731 1632 proxima
741 1564 838 1618 fuerat
874 1564 953 1618 Binis

97 1641 256 1696 cohortibus
273 1640 311 1695 ad
329 1639 527 1710 impedimenta
545 1638 672 1710 [tuenda]
690 1640 801 1706 relictis,
815 1640 951 1710 reliquum

95 1718 246 1772 exercitum
256 1717 284 1771 in
296 1715 494 1786 copiosissimos
505 1732 586 1784 agros
597 1716 753 1785 Biturigum
765 1716 886 1782 inducit;
904 1718 951 1786 qui

96 1810 180 1861 quum
203 1793 275 1848 latos
298 1793 368 1846 fines
392 1796 422 1847 et
439 1791 578 1860 complura
594 1792 695 1861 oppida
712 1791 852 1857 baberent,
870 1794 953 1848 unius

68 1910 71 1915 .
95 1868 209 1936 legionis
228 1869 350 1924 hibernis
372 1885 426 1923 nou
449 1871 597 1938 potuerant
614 1864 747 1923 contineri
764 1868 830 1936 quin
847 1867 951 1923 bellum

97 1948 227 2014 pararent
238 1945 494 2013 conjurationesque
505 1943 634 1998 iacerent.

148 2027 172 2076 3.
202 2020 356 2089 Repentino
368 2019 489 2074 aduentu
501 2019 626 2074 Caesaris
634 2019 741 2088 accidit,
751 2019 825 2090 quod
833 2020 951 2090 impara-

96 2098 133 2151 tis
145 2095 323 2165 disjectisquo
334 2095 458 2150 accidere
470 2094 523 2150 fuit
534 2112 653 2162 necesse,
664 2099 697 2150 ut
708 2096 767 2150 sine
778 2096 879 2151 timore
893 2097 951 2151 ullo

97 2189 160 2226 rura
184 2171 304 2225 uolentes
327 2171 403 2239 prius
426 2171 462 2225 ab
486 2171 612 2239 equitatu
629 2173 849 2240 opprimerentur
867 2189 950 2242 quam

95 2248 242 2315 confugere
264 2247 292 2300 in
310 2247 412 2315 oppida
428 2250 555 2315 possent;
571 2263 689 2316 namquo
707 2248 790 2301 etiam
807 2248 877 2302 illud
893 2249 951 2304 vul·

96 2341 163 2393 garo
182 2323 343 2378 incursionis
361 2322 482 2376 hostium
501 2323 616 2391 signum,
633 2323 708 2392 qued
726 2323 859 2378 incendiis
876 2324 950 2379 aedi·

97 2402 218 2455 liciorum
244 2398 360 2467 intelligi
389 2399 537 2467 consuevit,
564 2399 689 2454 Caesaris
718 2399 747 2454 id
772 2403 837 2455 'erat
864 2399 950 2455 inter·

96 2479 170 2532 dicto
182 2475 320 2530 sublatum
332 2493 367 2529 ne
379 2479 428 2529 aut
439 2476 518 2544 eopia
532 2474 624 2545 pabuli
638 2475 833 2546 frumentique,
849 2477 873 2531 si
891 2475 949 2531 len-
988 2496 992 2502 ·

94 2554 155 2620 gius
177 2552 308 2621 progredi
332 2551 425 2620 uellet,
449 2551 622 2617 deficeretur,
640 2556 690 2607 aut
706 2552 800 2608 hostes
815 2552 951 2608 incendiis

39 2624 43 2631 “
95 2633 276 2684 terrerentur.
310 2628 407 2683 Multis
422 2629 561 2690 hominum
579 2628 689 2682 milibus
704 2629 792 2698 (aptis
807 2629 950 2699 perterriti

94 2704 244 2775 Bituriges,
267 2705 315 2774 qui
337 2704 456 2774 primum
476 2703 625 2758 adventum
653 2704 775 2773 effugere
801 2709 950 2774 potuerunt

95 2780 289 2849 Romanorum,
300 2781 327 2835 in
340 2781 469 2835 finitimus
481 2780 614 2847 civitates,
628 2784 678 2834 aut
694 2781 808 2849 privatis
824 2781 951 2850 hospitiis

39 2864 51 2919 i
94 2859 189 2912 confisi
201 2863 248 2912 aut
260 2857 391 2911 societate
407 2856 585 2922 consiliorum
597 2856 782 2925 confugerant
819 2856 949 2914 Fmstru:

39 2926 41 2944 ²
93 2947 158 2988 num
178 2934 278 2987 Caesar
298 2933 403 3001 magnis
424 2932 570 2987 itineribus
588 2932 714 2986 omnibus
731 2932 799 2986 locis
817 2934 950 3000 occurrit;

80 3021 135 3062 uec
151 3010 203 3065 dut
220 3011 271 3066 ulli
287 3010 398 3067 civitati
416 3009 538 3082 spatium
553 3008 591 3064 ue
605 3008 695 3063 aliena
704 3008 898 3078 potiusquam
913 3010 950 3064 dc

49 3082 230 3143 ·donrestica
256 3089 354 3147 salute
378 3089 545 3162 eogitandi3
562 3104 622 3159 qua
644 3085 793 3141 celeritate
815 3087 847 3136 et
867 3083 969 3164 trudes

53 3159 168 3217 amicos
182 3167 344 3228 retinebat
360 3174 395 3228 et
414 3169 592 3228 dubitantes
613 3169 728 3222 terrere
747 3158 791 3213 ad
809 3153 988 3210 curubitanus
