2018 3396
403 127 516 176 LIBER
535 127 618 178 VIII.
881 133 928 184 175

77 225 131 262 non
153 208 271 262 multum
295 224 312 262 a
336 208 482 263 Germanis
505 209 658 278 diderebat,
681 228 772 282 neque
795 211 930 283 imperata

77 301 207 352 umquam
218 285 272 338 nisi
284 285 408 340 exercitu
420 289 514 340 coacta
525 285 652 341 faciebat.

130 366 172 415 26.
208 361 325 415 Interim
347 361 377 414 Ο.
402 360 531 415 Caninius
554 362 669 432 legatus,
694 380 779 432 qumn
802 381 929 432 magnam

77 437 281 491 multitudinem
304 437 462 492 convenisse
485 437 612 493 hostium·
628 439 657 493 in
685 440 755 494 fines
785 441 929 495 Pictonum

76 512 177 568 litteris
189 513 348 582 nunciisque
361 513 470 568 Duratii
483 519 667 582 cognosceret,
687 517 734 585 qui
750 519 884 586 perpetue
900 518 929 571 in

77 589 196 644 amicitia
209 589 394 643 Romanorum
401 594 598 659 permanserat,
610 608 695 660 quum
710 609 775 662 pars
792 593 928 663 quaedam

77 665 197 719 civitatis
216 665 276 733 ejus
292 665 444 733 defecisset,
463 665 499 719 ad
513 667 644 736 oppidum
658 666 809 722 Lemonum
820 672 935 723 conten:

77 741 126 794 dit.
158 741 218 806 Quo
238 758 323 810 qumn
343 741 515 809 adventaret,
535 745 620 812 atque
639 760 674 797 ex
693 744 807 813 captivis
825 745 928 799 certius

76 821 254 883 cognosceret
265 817 358 871 multis
376 815 516 872 hominum
533 818 643 872 milibus
660 835 678 873 a
698 819 840 874 Dumnaco
857 820 928 875 duee

77 894 200 947 Andium
225 893 373 947 Duratium
391 893 512 948 clausum
530 895 644 949 Lemoni
661 897 820 966 oppugnari,
837 913 928 966 neque

76 968 197 1027 iufinnas
219 969 340 1038 legiones
361 969 486 1024 hostibus
503 972 675 1026 committere
690 972 814 1040 auderet,
837 977 928 1027 eastra

75 1045 180 1099 munito
202 1045 269 1115 loeo,
286 1045 384 1114 posuit.
422 1045 578 1100 Dumnacus
600 1063 684 1116 quum
708 1047 927 1118 adpropinquare

76 1121 218 1175 Caninium
235 1121 411 1188 cognovisset,
429 1122 515 1190 copiis
532 1123 658 1181 omnibus
675 1123 711 1176 ad
728 1124 849 1192 legiones
867 1141 928 1178 cou-

74 1197 160 1250 versis
181 1201 272 1251 eastra
291 1197 475 1250 Romanorum
491 1214 650 1267 oppugnare
667 1199 796 1253 instituit.
832 1200 923 1264 Quum

75 1273 228 1342 complures
240 1272 298 1326 dies
311 1273 339 1325 in
351 1273 552 1341 oppugnatione
564 1275 777 1342 consumpsisset
787 1279 817 1330 at
827 1292 926 1345 magno

76 1365 186 1402 suerum
199 1348 364 1403 detrimento
375 1348 478 1401 nullam
495 1353 603 1417 partem
620 1350 802 1404 munitionum
820 1353 926 1406 convel-

75 1426 132 1478 lere
143 1424 286 1493 petuisset,
299 1439 392 1477 rursus
404 1423 440 1477 ad
452 1421 640 1478 obsidendum
646 1426 797 1480 Lemonum
808 1427 888 1482 redit.

127 1506 167 1558 27.
204 1500 309 1554 Eodem
328 1504 452 1568 tempere
476 1500 506 1554 C.
525 1500 626 1554 Fabius
644 1501 751 1568 legatus
771 1504 925 1572 complures

74 1576 201 1630 civitates
223 1576 252 1629 in
273 1575 357 1629 fidem
372 1576 478 1644 recipit,
494 1576 635 1631 obsidibus
652 1577 752 1646 firmat,
769 1578 925 1648 litterisque

75 1652 107 1706 G.
120 1651 226 1706 Caninii
238 1650 330 1705 Rebili
342 1651 375 1705 fit
386 1652 487 1705 certior
498 1669 569 1721 quae
580 1653 609 1706 in
619 1651 779 1707 Pictonibus
785 1659 924 1723 gerantur.

75 1727 180 1791 Quibus
192 1726 274 1781 rebus
286 1727 401 1795 cognitis
412 1728 595 1796 proficiscitur
606 1729 643 1782 ad
659 1729 790 1783 auxilium
808 1730 925 1785 Duratio

73 1803 225 1857 serendum.
257 1805 299 1858 At
310 1803 467 1857 Dumnacus
478 1804 599 1859 adventu
612 1804 690 1858 Fabii
702 1806 817 1873 cognito,
827 1806 928 1876 despe·

74 1883 134 1933 rata
150 1879 239 1933 salute
258 1880 281 1933 si
303 1879 400 1933 eedem
418 1883 542 1950 tempere
559 1885 670 1934 coactus
687 1885 761 1936 esset
778 1885 808 1936 et
827 1883 924 1936 Roma.

74 1973 138 2008 nuni
153 1958 299 2009 externum
312 1955 449 2008 sustinere
460 1955 567 2010 hostem
586 1960 616 2011 et
627 1957 764 2024 respicere
776 1974 808 2012 aa
825 1959 924 2013 timere
958 2002 969 2025 ,

73 2031 231 2100 oppidanos,
243 2034 358 2100 repente
376 2046 408 2084 eo
426 2048 461 2085 cx
478 2031 537 2086 loeo
555 2049 617 2086 eum
635 2033 720 2102 copiis
737 2034 858 2100 recedit3
874 2051 924 2089 nee

73 2125 103 2161 se
127 2108 194 2161 satis
212 2110 305 2161 tutum
328 2107 387 2160 iore
410 2107 569 2175 arbitratur,
592 2109 644 2163 nisi
668 2109 769 2163 flumen
793 2109 923 2178 Ligerim,

73 2183 149 2252 quod
167 2187 228 2238 erat
246 2186 330 2252 ponte
350 2187 465 2253 propter
482 2184 700 2252 magnitudinem
718 2186 924 2254 transeundum,

72 2260 163 2328 copias
175 2260 384 2313 transduxisset.
421 2259 529 2329 Fabius,
545 2262 598 2314 etsi
610 2261 731 2315 nondum
750 2261 778 2314 in
796 2277 924 2330 conspee-

72 2339 133 2389 tum
151 2339 265 2390 venerat
281 2335 415 2404 hostibus,
430 2352 520 2406 neque
536 2353 566 2391 se
581 2353 644 2390 eum
663 2336 777 2391 Cauinio
793 2336 924 2405 conjunx·

73 2415 141 2479 erat,
153 2416 246 2466 tamen
258 2412 355 2466 dectus
367 2411 402 2465 ab
415 2412 449 2464 iis
460 2412 508 2480 qui
519 2411 639 2465 locorum
651 2414 785 2465 noverant
796 2415 923 2466 naturam

72 2488 244 2556 potissimum
253 2487 373 2542 eredidit
384 2487 478 2541 hostes
489 2487 653 2554 perterritos
665 2503 727 2539 cum
740 2486 828 2539 locum
841 2503 923 2555 quem

71 2562 186 2631 petebat
198 2563 339 2630 petituros.
361 2563 460 2630 Itaque
473 2579 534 2615 eum
546 2562 631 2630 copiis
640 2561 676 2614 ad
684 2561 802 2614 eundem
811 2567 922 2631 pontem

71 2637 221 2703 contendit,
238 2639 448 2707 equitatumque
460 2640 568 2690 tantum
580 2635 730 2705 precedere
742 2639 807 2691 aute
824 2654 922 2706 agmen

72 2713 190 2781 imperat
201 2713 339 2781 legionum
357 2718 490 2781 quantum
506 2728 590 2782 quum
602 2712 780 2781 processisset
798 2713 858 2768 sine
875 2714 922 2768 de-

71 2788 232 2856 fatigatione
258 2804 392 2857 equorum
418 2789 448 2842 iu
478 2788 575 2842 eadem
599 2804 629 2842 se
657 2788 793 2856 reciperet
821 2794 919 2845 castra.

72 2865 283 2933 Consequmrtur
295 2866 403 2934 equites
416 2864 511 2930 nostri,
529 2867 562 2918 ut
579 2867 640 2919 erat
650 2867 854 2935 praeceptum,
846 2883 922 2920 mra-

72 2941 141 2994 dunt
130 2944 197 3009 tque
209 2940 343 2995 Dumnaci
361 2958 467 3010 agmen,
490 2944 520 2994 et
543 2941 680 3009 fugientes
703 2943 929 3017 perterritosque

70 3017 121 3070 sub
142 3016 255 3071 sarcinis
274 3017 303 3070 iu
323 3017 422 3072 itinere
443 3017 572 3086 aggressi
586 3032 696 3083 magua
713 3013 834 3079 praeda
844 3009 959 3058 mame

68 3093 219 3149 interiectis
236 3094 393 3166 potiuntur.
429 3095 534 3152 itare
546 3094 630 3150 bene
652 3093 745 3156 gesta
767 3099 804 3133 ss
824 3065 970 3130 semem

57 3168 87 3223 in
100 3174 200 3228 eastra.
