2018 3396
87 116 119 166 86
347 114 376 163 O.
394 113 496 162 JULII
511 113 684 163 CAESARIS

53 192 55 197 '
85 211 165 250 muro
182 194 270 265 passis
286 193 411 247 manibus
426 210 475 248 suo
491 210 567 247 more
583 211 680 263 pacem
696 195 732 249 ab
749 196 880 251 Romanis
896 213 943 265 pe-

85 272 197 326 bierunt.

45 345 94 356 ‘
144 352 183 400 14.
221 345 274 398 Pro
294 344 338 398 his
359 343 517 412 Divitiacus,
539 362 602 400 nam
622 349 687 415 post
710 347 859 403 discessum
881 350 944 405 Bel-

85 439 195 491 gnrum
208 420 326 474 dimissis
351 420 512 474 Aeduorum
536 422 620 491 copiis
640 422 677 476 ad
698 440 760 477 eum
781 430 943 495 reverterat,

86 498 153 552 facit
175 495 273 551 verba:
300 492 458 551 Bellouacos
481 496 554 551 omni
578 501 704 566 tempore
727 499 756 552 in
780 500 836 553 fide
859 507 944 572 atque

87 574 207 628 amicitia
222 572 342 627 civitatis
355 573 471 626 Aeduae
487 574 585 628 luisse:
603 575 734 643 impulsos
748 575 785 629 ab
799 577 856 630 suis
869 577 944 646 prin·

87 650 193 718 cipibus
212 650 259 718 qui
280 649 402 702 dicerent
424 649 537 703 Aeduos
560 665 577 703 a
598 650 714 705 Caesare
734 652 762 705 in
782 653 944 709 servitutem

87 726 215 780 redactos
226 742 319 779 omnes
332 725 510 793 indignitates
525 726 759 796 contumeliasque
771 731 901 798 perferre,
914 735 945 785 et

45 842 65 891 f
88 802 124 856 ab
137 802 243 856 Aeduis
255 801 387 854 defecisse
401 805 430 856 et
441 802 541 870 populo
554 802 676 856 Romano
693 802 796 857 bellum
811 805 944 862 intulisse.

90 877 142 944 Qui
162 877 223 945 ejus
241 878 343 931 consilii
365 878 501 947 principes
521 878 644 945 fuissent,
664 879 738 947 quod
758 880 945 948 intelligerent

88 958 219 1023 quantam
231 955 413 1008 calamitatem
430 955 535 1007 civitati
549 954 714 1022 intulissent,
727 956 754 1008 in
775 956 944 1012 Britanniam

45 1054 78 1071 κ
88 1030 247 1099 profugisse.
285 1030 384 1084 Petere
396 1047 449 1082 non
462 1030 549 1083 solum
562 1031 722 1085 Bellovacos
732 1031 780 1084 sed
796 1034 878 1086 etiam
892 1051 944 1102 pro

88 1105 131 1159 his
152 1106 265 1160 Aeduos
285 1109 317 1158 ut
337 1122 386 1159 sua
407 1105 550 1159 clementia
571 1123 602 1160 ac
621 1107 829 1161 mansuetudine
848 1109 876 1162 in
896 1126 944 1163 eos

88 1185 190 1237 utatur.
228 1181 306 1246 Quod
323 1181 346 1234 si
363 1181 465 1247 feeerit,
482 1183 643 1236 Aeduorum
663 1186 853 1236 auctoritatem
869 1185 944 1254 apud

89 1274 183 1312 omnes
204 1257 303 1325 Belgas
323 1256 565 1326 amplificaturum3
591 1275 707 1327 quorum
729 1259 837 1312 auxiliis
859 1264 944 1330 atquc

89 1334 193 1404 opibus,
206 1333 229 1387 si
241 1350 295 1402 qua
305 1332 378 1387 bella
389 1332 542 1401 inciderint,
555 1337 711 1388 sustentare
723 1335 904 1390 consuerint.-

148 1417 186 1465 15.
225 1411 325 1465 Caesar
336 1409 446 1463 honoris
459 1409 588 1463 Divitiaci
600 1414 684 1478 atque
695 1410 855 1464 Aeduorum
864 1428 945 1466 casua

90 1503 150 1541 sese
166 1503 213 1541 eos
229 1487 258 1539 in
274 1486 358 1539 fidem
377 1488 551 1554 recepturum
568 1489 597 1539 et
616 1490 838 1540 conservaturum
858 1488 943 1554 dinit5
979 1495 982 1501 '

89 1563 236 1631 quoderat
250 1562 344 1616 civitas
358 1578 458 1628 magna
473 1561 546 1614 iuter
563 1560 665 1629 Belgas
681 1562 844 1615 auctoritate
860 1566 943 1632 atque

89 1639 227 1692 hominum
246 1637 423 1691 multitudine
443 1635 609 1706 praestabat,
630 1651 665 1690 ue
685 1636 795 1690 obsides
806 1639 943 1706 poposcit.

92 1715 144 1768 llis
155 1714 266 1768 traditis
277 1714 455 1781 omnibusque
467 1713 549 1766 armis
564 1729 598 1766 ex
614 1712 715 1782 oppido
732 1713 839 1768 collatis
857 1714 893 1767 ab
910 1731 943 1769 eo

89 1789 147 1843 loco
158 1791 187 1843 in
200 1791 268 1844 fines
281 1789 479 1843 Ambianorum
491 1789 624 1858 pervenit,
634 1789 681 1857 qui
694 1805 839 1857 saeuaque
853 1790 944 1844 omnia

90 1864 148 1918 sine
160 1882 236 1918 mora
248 1865 420 1918 dediderunt.
453 1865 555 1918 Eorum
568 1865 635 1918 lines
649 1866 672 1918 N
676 1864 742 1918 crvii
755 1865 943 1932 attingebant3

91 1957 205 2007 quorum
218 1941 253 1994 de
264 1944 363 1994 natura
378 1940 554 2009 moribusque
572 1941 674 1994 Caesar
691 1957 774 2009 quum
791 1946 943 2009 quaereret,

91 2017 129 2069 sie
138 2016 305 2085 reperiebat:
321 2016 433 2069 Nullum
443 2016 549 2069 aditum
560 2032 619 2070 esse
629 2016 665 2069 ad
675 2033 722 2069 cos
733 2017 944 2071 mercatoribus:

91 2092 158 2146 nihil
170 2093 228 2160 pati
240 2092 295 2145 vini
310 2092 533 2160 reliquarumque
547 2106 640 2145 rerum
657 2091 693 2145 ad
708 2091 844 2146 luxuriam
859 2093 944 2163 perti-

91 2169 213 2221 nentium
233 2168 336 2234 niseni,
357 2168 432 2237 quod
452 2168 486 2222 iis
506 2168 590 2222 rebus
611 2168 817 2236 relanguescere
841 2169 944 2224 animos

92 2260 184 2297 eorum
201 2246 230 2297 et
249 2243 354 2297 remitti
373 2244 504 2298 virtutem
524 2245 725 2298 existimarent:
744 2260 804 2298 esse
822 2244 945 2299 houiines

48 2367 74 2376 ..
91 2321 163 2372 feros
186 2336 354 2387 magnaeque
377 2321 500 2375 virtutis:
526 2320 691 2388 increpitare
714 2323 798 2388 atque
820 2319 945 2374 incusare

91 2396 212 2464 reliquos
229 2396 327 2463 Belgas
344 2396 390 2464 qui
409 2412 439 2449 se
456 2396 555 2465 populo
575 2397 697 2450 Romano
714 2395 885 2450 dedidissent
899 2413 945 2464 pa

91 2473 227 2541 triamque
242 2472 373 2529 alumna
389 2472 582 2541 projecissent:
601 2471 761 2526 confirmare
778 2487 837 2524 sese
854 2489 945 2539 neque

92 2549 196 2616 legatos
213 2549 341 2602 missuros
356 2565 446 2617 neque
462 2548 546 2602 ullam
562 2546 744 2602 conditionem
761 2547 835 2615 pacis
851 2565 945 2616 accep
960 2596 965 2607 ,

92 2629 176 2678 turos.

146 2706 185 2755 16.
222 2701 312 2766 Quum
323 2716 373 2766 per
385 2716 432 2752 eor
488 2683 559 2752 lines
570 2698 692 2752 triduum
706 2699 761 2754 iter
775 2699 892 2765 fecisset,
905 2698 946 2752 iu-

92 2776 218 2830 veniebat
234 2793 269 2829 ex
283 2775 397 2845 captivis
417 2775 436 2830 S
528 2775 629 2828 flumen
649 2774 684 2828 ab
703 2775 799 2829 castris
817 2774 873 2828 suis
891 2790 946 2827 non

93 2851 208 2922 amplius
218 2852 292 2905 milia
303 2869 433 2921 passuum
445 2868 463 2904 x
476 2851 585 2906 abesse:
610 2855 686 2905 trans
697 2851 728 2904 id
738 2850 840 2904 flumen
851 2843 946 2904 omnes

93 2927 209 2984 Nervios
217 2928 371 2983 consedisse
379 2930 583 2997 adventumque
592 2927 631 2980 ibi
641 2927 825 2980 Romanorum
835 2941 945 2994 exspec-

92 3007 153 3059 tare
165 3023 219 3060 una
231 3021 293 3059 cum
303 3004 483 3059 Atrebatibus
495 3007 524 3058 et
536 3002 736 3057 Veromanduis
748 3002 870 3055 finitimis
881 3000 944 3067 suis,

93 3097 156 3134 nam
168 3083 211 3134 his
222 3081 346 3149 utrisque
357 3084 548 3149 persuaserant
557 3079 599 3134 uti
609 3078 723 3132 candem
732 3077 799 3131 belli
809 3077 945 3130 fortunam

95 3158 297 3224 experirentur:
316 3157 468 3226 exspectari
480 3154 564 3210 oliam
576 3154 611 3209 ab
622 3154 664 3207 his
680 3153 884 3207 Aduatucorum
901 3169 945 3206 co-
