2018 3396
93 152 139 200 154
352 147 383 196 O.
403 147 422 196 J
424 145 505 196 ULII
524 143 700 194 CAESARIS

143 234 183 288 72
220 227 325 293 Quibus
342 227 425 281 rebus
448 244 483 281 ex
504 227 626 296 perfugis
647 229 676 280 et
692 224 808 294 captivis
827 225 953 315 cognitis

92 307 192 360 Caesar
203 305 270 359 haec
281 321 383 373 genera
393 304 565 358 munitionis
558 308 622 357 ms
613 304 683 357 ituit.
667 304 833 357 tllossam
842 283 953 373 pedum

91 381 333 436 xxdirectislatc
335 381 395 434 'bus
408 380 531 434 duxitut
499 381 605 447 utejus
620 381 708 433 fossae
723 381 809 433 solum
823 384 946 435 tantum-

92 461 156 512 dem
167 460 276 528 pateret
288 475 325 526 qu
334 461 420 511 rutum
433 447 673 510 summalabradis
675 456 771 510 ttabau
760 459 778 510 ι.
814 456 947 526 Reliquus

91 551 185 588 omnes
199 534 361 588 munitiones
377 534 412 591 ab
428 551 461 586 ca
475 533 547 586 losse
562 533 649 602 pedes
666 548 700 587 en
714 532 834 599 reduxit,
848 533 880 587 id
893 535 946 589 hoe

91 611 211 678 consilio,
223 611 349 680 quoniam
361 612 470 664 tanturn
482 613 557 664 esset
572 610 725 663 necessario
741 609 860 679 spatium
875 627 948 664 com-

93 688 190 756 plexus
200 704 251 740 noe
262 686 342 740 facile
354 689 443 740 totum
456 702 524 755 opus
536 703 635 739 corona
646 686 765 739 militum
780 685 946 757 cingeretur,

92 780 128 816 ne
140 763 176 816 de
187 763 334 832 improviso
346 766 395 827 aut
407 766 489 816 noctu
501 763 537 815 ad
548 763 713 816 munitiones
721 761 842 816 hostium
853 763 946 816 multi-

93 839 162 892 tudo
178 839 327 907 advolaret,
344 844 393 892 aut
407 839 528 892 interdiu
541 839 597 893 tela
608 840 636 892 in
647 843 755 893 nostros
767 840 843 908 operi
859 839 947 894 desti·

94 920 172 969 natos
192 915 326 984 conjicere
347 919 464 982 possent.
501 917 562 969 Hoc
584 916 740 968 intermisso
764 916 852 969 satio
877 917 947 970 duas

94 993 179 1048 fessas
190 1008 229 1046 xv
242 993 328 1061 pedes
343 992 421 1058 latas,
437 992 534 1045 cadem
551 991 696 1045 altitudine
714 933 861 1059 perdimim
880 1009 948 1061 qua-

95 1086 154 1122 rum
172 1070 330 1123 interiorem
344 1073 467 1136 campcst
456 1067 543 1121 tribus
557 1084 589 1120 ae
603 1067 728 1122 demissis
743 1067 808 1120 locis
822 1085 895 1137 aqua
910 1086 948 1124 cx

95 1145 205 1198 llurninc
221 1145 346 1199 derivata
363 1143 518 1212 complevit
554 1144 621 1197 Post
637 1160 683 1197 eas
700 1161 829 1212 aggerem
844 1161 877 1198 ac
889 1146 948 1199 val-

94 1223 151 1275 lum
171 1237 214 1275 x11
234 1221 336 1291 pedum
355 1238 403 1275 exs
405 1221 506 1284 trunit;
523 1220 586 1273 huic
606 1221 715 1274 loricam
729 1221 883 1290 pinnasque
898 1222 948 1276 ad-

90 1297 167 1365 jecit,
178 1298 326 1366 grandibus
338 1297 425 1350 cervis
438 1261 620 1350 eminentibus
632 1290 676 1349 ad
680 1297 868 1352 commissuras
887 1299 948 1368 plu-

95 1379 201 1427 teorum
220 1378 303 1442 atque
319 1391 372 1442 agg
373 1374 425 1426 eris
442 1374 512 1441 qui
505 1389 644 1426 ascensum
657 1373 727 1426 bost
720 1391 776 1427 rum
788 1370 966 1440 tardarent3

95 1456 124 1504 et
141 1455 231 1504 turres
244 1453 285 1503 tot
257 1455 397 1518 ootopere
409 1448 588 1502 circumdedit
601 1465 671 1518 quae
683 1449 769 1516 pedes
784 1465 860 1504 nxxx
873 1418 949 1506 inter

95 1543 125 1580 se
138 1526 279 1580 distarent.
663 1586 666 1591 ,

147 1605 187 1659 73.
222 1604 290 1656 Erat
302 1602 398 1656 eodeni
410 1605 535 1670 tempore
547 1603 576 1654 et
588 1600 726 1653 materiari
740 1596 769 1654 et
784 1602 948 1659 frumentari

95 1682 124 1732 ct
136 1682 227 1733 tantas
238 1679 401 1732 munitiones
414 1676 473 1730 lieri
485 1692 595 1729 neccsse
603 1675 744 1729 diminutis
752 1679 852 1731 nostris
862 1681 949 1749 copiis

95 1771 165 1822 quae
187 1754 293 1822 longius
311 1754 346 1806 ab
369 1753 466 1806 castris
483 1750 744 1820 progrediebantur:
766 1770 798 1806 ac
816 1771 949 1810 nonnum·

96 1847 176 1897 quarn
196 1847 280 1899 opera
294 1832 390 1883 nostra
405 1828 476 1882 Galli
495 1830 603 1881 tentare
621 1831 705 1895 atque
723 1829 895 1897 eruptionem
913 1849 949 1886 ex

95 1905 195 1974 oppido
218 1906 343 1975 pluribus
366 1904 453 1973 portis
477 1920 583 1956 summa
606 1903 632 1956 vi
656 1904 747 1957 facere
769 1905 949 1963 conabantur.

97 1982 187 2045 Quare
199 1978 313 2034 adhaec
329 1997 424 2034 rursus
441 1995 525 2048 opera
538 1978 697 2032 addendum
714 1980 815 2034 Caesar
831 1984 950 2052 putav-it,

96 2074 150 2125 quo
162 2058 265 2109 minore
277 2073 390 2109 numero
402 2056 519 2108 militum
532 2055 697 2109 munitiones
706 2055 818 2109 delendi
827 2064 948 2126 possent.

97 2134 195 2200 ltaque
207 2133 311 2185 truncis
330 2131 458 2183 arborum
473 2135 521 2184 aut
538 2131 685 2185 admodum
701 2131 787 2184 firmis
801 2133 886 2187 ramis
903 2135 951 2189 ab

95 2209 186 2262 scissis
194 2212 277 2276 atque
289 2207 385 2260 horum
399 2206 540 2277 delibratis
552 2225 583 2260 ac
596 2209 748 2276 praeacutis
765 2211 951 2266 cacuminibus

95 2286 246 2354 perpetuae
258 2284 347 2336 sossae
363 2285 459 2351 quinos
473 2284 559 2352 podes
577 2284 651 2336 altae
668 2284 846 2339 ducebantur.
885 2287 951 2342 Huc

95 2360 136 2413 illi
159 2360 268 2429 stipites
292 2359 403 2412 demissi
426 2362 456 2412 et
479 2359 514 2412 ab
536 2360 630 2412 infimo
653 2360 768 2414 revincti
790 2376 826 2414 ne
853 2363 951 2418 revelli

96 2440 208 2502 possent
219 2437 254 2490 ab
266 2437 348 2490 ramis
364 2435 529 2490 eminebant.
567 2436 649 2502 Quini
664 2440 744 2490 crant
759 2435 869 2491 ordines
886 2454 949 2492 oon-

91 2511 183 2576 juncti
200 2513 273 2566 inter
290 2529 320 2566 se
337 2515 422 2579 atque
438 2512 576 2580 implicati,
591 2528 645 2579 quo
662 2513 710 2581 qui
725 2512 904 2581 intraverant,
919 2531 950 2569 sc

88 2588 148 2655 ,ipsi
172 2588 336 2642 acutissimis
352 2588 431 2642 vallis
448 2588 612 2641 induebant·
642 2588 703 2642 Hos
720 2590 812 2659 cippos
830 2590 952 2660 appella-¹

95 2661 170 2716 bant.
208 2666 282 2717 Anto
301 2665 350 2718 hos
368 2664 485 2732 obliquis
503 2664 643 2718 ordinibus
656 2665 685 2718 in
699 2667 877 2736 quincuncem
894 2667 951 2722 dis-

96 2739 193 2806 positis
205 2741 313 2794 scrobes
325 2741 409 2794 trium
424 2741 451 2794 in
467 2739 639 2794 altitudinem
657 2741 760 2810 pedum
773 2741 951 2797 fodiebantur

97 2816 239 2883 paullatim
251 2817 407 2885 angustiore
423 2816 459 2870 ad
474 2816 598 2869 infimum
613 2817 730 2886 fastigio.
767 2819 831 2872 Huc
845 2821 951 2873 teretes

97 2893 207 2960 stipites
230 2893 338 2947 lerninis
361 2892 547 2959 crassitudine,
566 2892 601 2946 ab
624 2910 730 2948 summo
753 2895 897 2965 praeacuti
920 2900 952 2950 et

84 2969 223 3036 praeusti,
254 2969 475 3026 renitebantur
503 2969 545 3024 ita
568 2974 602 3024 ut
627 2987 681 3024 non
708 2971 825 3040 amplius
854 2971 952 3040 digitu

76 3048 204 3110 quaeror·
237 3065 273 3102 ex
304 3053 383 3106 terra
413 3049 587 3106 eminerent:
611 3047 695 3103 simul
722 3048 903 3101 connrmanu'x
928 3055 962 3100 et

63 3117 153 3172 stabi!
142 3121 237 3179 liendi
248 3143 337 3184 causa
354 3129 466 3201 singuli
485 3129 522 3185 ab
537 3127 639 3182 intimo
656 3125 715 3179 solo
730 3122 824 3192 pedes
835 3123 918 3170 terra
930 3134 979 3168 ιι

50 3190 269 3272 Culeabantum
290 3188 1001 3282 reliqueparsseroblsaceseuuusens'usdns
