2018 3396
75 220 107 268 20
324 216 352 265 (l.
371 216 390 265 J
393 216 473 265 ULII
490 216 663 265 CAESARIS

76 313 271 367 saepenumero
284 313 344 351 sese
355 313 417 350 cum
428 295 472 349 his
483 312 641 364 congressos
652 312 688 350 no
698 295 804 350 vultrnn
817 296 933 366 quidem

76 376 160 441 atque
172 374 258 426 aciem
270 373 408 426 oculorum
421 371 633 441 ferrepotuisse,
642 374 736 426 tantus
744 371 837 426 subito
845 374 933 427 timor

76 465 184 504 omnem
196 449 347 502 exereitum
359 448 503 517 occuparit
514 452 546 503 ut
557 463 612 500 non
623 447 798 501 mediocriter
809 448 932 502 omnium

76 527 184 578 montes
200 524 358 592 animosque
374 523 560 592 perturbaret.
596 523 650 577 Hic
668 522 785 591 primum
798 527 877 577 ortus
888 528 933 579 est

76 618 94 654 a
110 600 227 675 tribunis
245 599 370 666 militum,
387 599 533 668 praelectis
550 599 724 668 reliquisque,
742 598 791 667 qui
808 615 845 652 ox
861 599 933 655 urbe

77 676 211 730 amicitiae
235 692 315 729 causa
339 675 484 729 Caesarem
508 675 595 729 secuti
618 674 758 744 [magnum
780 675 932 744 periculum

77 752 279 806 miserabantur
298 750 383 820 quod]
401 767 455 804 aon
474 767 602 819 magnum
620 750 650 803 in
669 766 701 804 re
719 750 832 804 militari
850 767 933 805 usum

78 828 232 882 iubebant:
251 844 366 896 quorum
384 827 453 881 alius
467 827 521 881 alia
534 843 615 881 eausa
629 827 706 880 illata
721 843 805 896 quam
822 827 874 880 sibi
895 828 933 881 ad

78 904 301 972 proficiscendum
313 904 492 957 necessariam
504 920 564 957 esso
578 903 682 956 diecret
693 901 808 971 petebat
822 907 856 958 ut
871 903 934 971 ejus

78 980 220 1034 voluntate
235 979 378 1033 discedere
391 978 486 1033 liceret
497 999 503 1044 ;
521 979 642 1033 nonnulli
658 977 763 1046 pudore
775 978 890 1032 adducti
901 983 934 1033 ut

78 1056 183 1109 timoris
211 1054 391 1123 suspicionem
416 1056 536 1109 vitarent
559 1054 743 1109 remanebant.
780 1054 819 1107 Hi
842 1071 935 1123 nequo

79 1133 184 1185 uultum
193 1131 297 1198 fingere
306 1147 395 1200 neque
405 1131 543 1184 interdum
551 1131 674 1184 lacrimas
683 1135 779 1184 tenere
788 1132 934 1199 poterant:

79 1207 166 1261 abditi
183 1206 413 1261 intabernaculis
430 1210 479 1261 aut
490 1224 568 1260 suum
580 1206 668 1260 fatum
680 1206 873 1275 querebantur,
885 1211 935 1262 aut

80 1300 141 1336 curn
150 1282 330 1337 familiaribus
342 1283 398 1336 suis
407 1299 548 1336 commune
559 1282 711 1351 perieulum
723 1281 935 1339 miserabantur.

80 1359 171 1427 Vulgo
187 1359 254 1413 totis
270 1359 366 1412 castris
383 1361 551 1412 testamenta
570 1357 789 1426 obsignabantur.
825 1358 934 1412 Horum

84 1436 195 1489 vocibus
219 1452 251 1489 ac
270 1435 368 1488 timore
387 1434 518 1503 paulatim
540 1435 622 1487 etiam
642 1434 662 1486 ii
683 1434 729 1502 qni
753 1450 882 1501 magnum
905 1434 935 1488 in

80 1513 178 1566 eastris
196 1528 276 1565 nsum
295 1510 439 1576 habebant,
461 1510 561 1563 milites
581 1509 813 1578 centurionesque,
833 1510 935 1578 quique

7 1608 10 1621 ’
81 1589 215 1657 equitatui
241 1590 395 1657 praeerant,
419 1586 658 1654 perturbabantur.
700 1585 753 1650 Qui
780 1602 810 1639 se
833 1602 868 1638 ex
891 1584 935 1639 his

81 1665 171 1718 minus
183 1664 295 1719 timidos
308 1662 457 1716 existimari
470 1661 605 1730 uolebant,
617 1678 672 1715 non
684 1677 714 1715 se
726 1661 833 1715 hostem
845 1661 934 1716 uereri

82 1741 132 1794 sed
150 1740 289 1808 angustias
308 1738 414 1792 itineris
433 1742 462 1791 et
480 1737 696 1806 magnitudinem
715 1738 843 1791 silvarum
862 1754 934 1805 quae

81 1816 154 1870 inter
169 1833 216 1870 eos
231 1819 326 1884 atque·
334 1814 502 1867 Ariouistum
519 1814 729 1881 intercederent,
743 1816 792 1867 aut
807 1829 866 1866 rem
877 1813 935 1867 fru-

82 1893 244 1945 mentariam
261 1896 293 1944 ut
311 1890 377 1943 satis
395 1889 536 1942 commode
553 1889 709 1958 supportari
726 1892 820 1958 posset
835 1889 935 1943 timere

83 1967 217 2020 dicebant.
253 1965 384 2019 Nonnulli
401 1965 485 2018 etiam
504 1965 614 2018 Caesari
631 1964 831 2032 renuntiabant,
850 1981 935 2033 quum

83 2047 172 2096 castra
191 2042 294 2095 moveri
313 2058 345 2095 ac
366 2041 442 2109 signa
461 2041 527 2093 ferri
546 2039 682 2108 jussisset,
703 2057 757 2094 non
775 2041 834 2094 fore
858 2040 933 2095 dieto

10 2158 17 2173 .
85 2119 230 2172 audientes
242 2117 341 2171 milites
353 2134 442 2184 neque
455 2119 569 2185 propter
580 2115 707 2170 timorem
719 2116 796 2183 signa
807 2116 920 2170 laturos.

134 2199 176 2247 40.
212 2193 290 2246 llaec
305 2210 389 2261 quum
403 2191 649 2260 animadvertisset,
661 2194 807 2245 convocato
822 2192 935 2246 consilio

84 2270 259 2337 omniumque
276 2269 402 2323 ordinum
426 2267 462 2321 ad
485 2267 514 2320 id
532 2267 673 2321 consilium
692 2267 824 2321 adhibitis
844 2271 907 2322 cent
926 2301 936 2310 ·

84 2345 205 2399 rionibus
224 2344 399 2398 veliementer
417 2360 463 2397 eos
481 2343 627 2398 incusavit:
646 2343 776 2410 Primum,
795 2342 869 2411 quod
887 2347 936 2397 aut

85 2438 165 2490 quam
178 2421 206 2474 iu
218 2423 325 2489 partem
343 2425 390 2474 aut
408 2437 462 2488 quo
478 2421 588 2473 consilio
604 2421 770 2473 ducerentur
785 2416 837 2473 sibi
853 2434 937 2488 quac·

84 2497 199 2550 rendum
212 2499 260 2549 aut
277 2495 449 2563 cogitandum
466 2499 603 2564 putarent.
640 2494 808 2568 Ariovistum
826 2512 856 2549 se
873 2512 938 2549 con·

84 2574 142 2627 sule
166 2571 340 2641 cupidissime
363 2572 454 2640 populi
477 2571 592 2625 Romani
616 2571 762 2624 amicitiam
786 2571 937 2640 appetisse:

84 2666 133 2702 cur
150 2649 221 2702 lruuc
239 2651 295 2701 tam
314 2651 417 2700 temere
436 2646 579 2715 quisquam
597 2646 632 2700 ab
650 2646 736 2700 officia
755 2647 937 2700 discessurum

17 2762 24 2775 ,
80 2724 236 2792 judiearetl
273 2723 330 2777 Sibi
343 2722 454 2790 quiderm
464 2722 622 2789 persuaderi
631 2722 745 2790 cognitis
754 2722 937 2791 suispostula-

85 2801 122 2854 tis
140 2805 223 2870 atque
247 2799 386 2868 acquitate
404 2798 588 2851 comlitionum
606 2804 750 2867 perspecta
767 2815 830 2852 eum
848 2813 937 2866 nequo

86 2893 162 2930 suam
193 2893 283 2944 neque
311 2874 403 2943 populi
434 2873 549 2926 Romani
577 2874 694 2941 gratiam
720 2873 937 2942 repudiaturum.

87 2953 166 3018 Quod
179 2953 201 3006 si
213 2953 305 3005 furore
317 2954 401 3018 atque
412 2949 531 3002 amentia
540 2949 672 3017 impulsus
681 2949 782 3003 bellum
791 2949 937 3017 intulisset,

87 3029 154 3096 qnid
166 3029 277 3083 tandem
290 3030 456 3091 uererentur,
469 3029 516 3076 aut
526 3041 573 3077 cur
583 3025 675 3078 desua
685 3025 939 3095 uirtuteautdeip-
956 3074 960 3082 .

87 3105 142 3158 sius
159 3105 301 3172 diligentia
316 3101 509 3170 desperareutl
546 3100 659 3153 Factum
670 3099 824 3168 ejuslrostis
834 3100 939 3169 pericu·

53 3190 65 3211 ⁵
86 3180 142 3232 lum
155 3184 262 3248 patrum
276 3183 429 3230 nostrorum
443 3176 580 3240 memoria,
593 3192 676 3243 quum
690 3176 807 3229 Cimbris
824 3182 854 3229 et
869 3175 938 3229 'reu-

89 3256 160 3307 touis
172 3271 188 3307 a
202 3254 230 3306 Ο.
246 3253 332 3304 llario
352 3251 437 3319 pulsis
454 3266 509 3303 non
525 3250 654 3304 minorem
670 3252 779 3304 lamlcur
800 3250 939 3305 exercitus
