2018 3396
95 102 127 187 aa
350 140 381 191 o.
399 139 500 190 tumr
518 116 690 188 elusanus

92 218 238 271 suetudine
256 217 395 285 utebatur,
413 223 442 272 et
460 219 535 287 quod
552 219 580 272 in
598 236 631 272 co
649 218 779 288 peccandi
799 217 945 272 Germanis

92 310 173 347 causa
195 310 249 347 non
268 297 349 359 osset,
367 293 404 347 ad
420 311 484 348 eum
502 296 622 363 mittere,
640 298 670 348 et
688 295 726 348 M.
745 295 876 348 Mettium
895 295 943 362 qui

48 420 64 443 ,Ι
91 368 211 437 hospitio
236 368 371 422 Ariovisti
395 370 532 423 utebatur.
575 371 627 424 His
651 370 792 424 mandavit
816 375 848 425 ut
873 388 944 438 quae

91 444 197 498 diceret
222 444 380 498 Ariovistus
404 450 599 513 cognoscerent
622 449 652 500 et
680 446 715 499 ad
744 462 773 499 se
801 447 945 500 referrent:

92 519 166 584 Quos
178 537 263 588 quum
281 519 355 588 apud
373 537 403 575 se
416 522 444 574 in
461 522 559 575 castris
577 522 733 575 Ariovistus
749 522 944 590 conspexisset,

90 596 214 650 exercitu
238 611 287 649 suo
304 599 450 664 praesente
467 597 659 652 conclamavit:
678 597 750 661 Quid
767 597 804 650 ad
822 613 851 649 so
869 599 944 649 veni-

90 672 169 725 rentt
188 687 223 723 an
235 671 391 739 speculandi
404 675 505 727 causat
541 672 678 726 Conantes
695 672 787 726 dicero
802 673 944 741 prohibuit

90 749 120 799 et
132 746 160 799 in
172 750 282 800 catenas
294 747 418 816 conjecit.

72 841 75 845 ’
141 827 182 876 48.
219 822 323 876 Eodem
336 823 383 876 die
395 827 486 876 castra
498 823 634 891 promovit
646 826 675 877 et
687 823 798 876 milibus
813 840 943 891 passuum

88 913 137 949 sex
155 913 172 950 a
190 898 316 952 Caesaris
334 898 432 952 castris
450 898 501 952 sub
520 902 613 952 monte
637 899 768 952 consedit.
804 899 943 954 Postridie

89 971 150 1040 ejus
162 972 217 1026 diei
229 977 341 1042 praeter
353 978 444 1028 castra
457 974 582 1027 Caesaris
599 991 661 1028 suas
677 975 768 1043 copias
784 975 943 1029 transduxit

89 1051 119 1101 et
142 1048 252 1102 milibus
270 1065 400 1116 passuum
419 1048 526 1102 duobus
543 1049 617 1102 ultra
629 1066 692 1103 eum
711 1053 801 1103 eastra
818 1051 891 1117 Μ,
909 1067 943 1104 eo

88 1125 200 1178 consilio
212 1125 254 1179 uti
266 1125 404 1178 frumento
416 1128 632 1193 commeatuque,
645 1125 693 1194 qui
710 1142 744 1179 ex
761 1126 894 1194 Sequanis
912 1132 942 1179 et

90 1199 196 1254 Aeduis
214 1203 432 1269 supportaretur,
449 1201 593 1255 Caesarem
611 1200 813 1255 intercluderet.
849 1202 891 1254 Ex
909 1219 943 1255 eo

88 1275 134 1328 die
146 1276 205 1330 dies
217 1276 360 1330 continuos
372 1277 494 1345 quinque
504 1277 604 1330 Caesar
612 1293 663 1345 pro
672 1277 769 1330 castris
778 1294 841 1331 suas
850 1278 942 1345 copias

87 1351 219 1418 produxit
242 1356 271 1406 ct
295 1352 381 1406 aciem
411 1352 573 1406 instructam
602 1352 707 1418 habuit,
735 1356 777 1418 ut,
807 1353 829 1406 si
857 1353 942 1407 vellet

88 1427 244 1481 Ariovistus
255 1428 358 1497 proelio
374 1429 548 1495 contendere,
560 1429 586 1481 ei
604 1431 727 1496 potestas
745 1445 798 1481 non
818 1430 934 1482 deesset.

88 1503 244 1557 Ariovistus
267 1504 310 1557 his
334 1504 460 1557 omnibus
477 1503 576 1557 diebus
594 1504 744 1557 exercitum
762 1505 860 1557 castris
877 1521 940 1557 con-

45 1563 60 1631 i
87 1579 178 1646 tinuit,
192 1580 314 1648 equestri
329 1580 434 1648 proelio
452 1580 577 1648 quotidie
595 1579 743 1634 contendit.
778 1580 871 1634 Genus
889 1580 941 1634 hoc

86 1657 147 1708 crat
171 1671 278 1723 pugnae
304 1671 359 1723 quo
377 1671 407 1708 se
431 1655 561 1709 Germani
586 1657 772 1708 exercuerant.
808 1655 940 1723 Equitum

86 1730 162 1783 milia
173 1734 253 1784 erant
269 1748 325 1796 sex,
338 1730 455 1784 totidem
472 1747 586 1782 numero
603 1730 711 1798 pedites
727 1730 889 1784 velocissimi
908 1747 941 1784 ac

85 1804 234 1871 fortissimi,
247 1823 315 1874 quos
328 1823 362 1859 ex
375 1806 447 1859 omni
462 1805 540 1874 copia
552 1805 650 1872 singuli
664 1805 785 1872 singulos
797 1821 861 1858 suae
870 1805 941 1858 salu-

84 1880 122 1934 tis
137 1897 219 1935 causa
235 1881 401 1948 delegerant.
438 1880 507 1934 Cum
523 1879 567 1932 his
583 1880 611 1932 in
628 1880 738 1948 proeliis
751 1879 940 1947 versabantur,

85 1957 122 2015 ad
131 1957 180 2010 hos
192 1973 222 2010 se
234 1957 342 2025 equites
355 1955 537 2025 recipiebant:
548 1955 577 2008 hi
590 1956 613 2009 si
625 1955 694 2024 quid
703 1959 764 2010 orat
772 1955 868 2009 durius
877 1972 941 2008 con-

85 2032 233 2086 currebant
240 2053 247 2098 ;
262 2032 285 2086 si
298 2032 345 2101 qui
356 2032 481 2100 graviore
493 2031 605 2085 vulnere
617 2034 729 2100 accepto
746 2048 816 2100 equo
833 2031 941 2085 decide

84 2111 136 2175 rat,
144 2108 383 2162 circumsistebant
391 2127 397 2162 :
406 2108 428 2161 si
437 2125 490 2177 quo
501 2112 561 2162 erat
569 2108 676 2175 longius
687 2106 877 2176 prodeundum
890 2111 940 2162 aut

84 2185 199 2238 celerius
210 2184 485 2254 recipiendum,tanta
493 2186 553 2237 erat
561 2183 657 2237 horum
667 2183 862 2237 exercitatione
870 2183 940 2236 celc-

84 2260 152 2314 ritas
163 2263 196 2314 ut
204 2259 282 2328 jubis
295 2276 427 2329 equorum
440 2260 574 2312 sublevati
586 2275 695 2312 cursum
707 2258 904 2327 adaequarent.

45 2367 49 2373 ·
137 2341 180 2390 49.
217 2335 272 2390 Ubi
285 2352 348 2389 eum
360 2336 457 2389 castris
469 2352 499 2388 se
515 2339 611 2389 tenere
630 2335 732 2389 Caesar
745 2334 888 2399 intellexit,
903 2352 939 2388 ne

85 2411 189 2465 diutius
207 2415 361 2465 commeatu
379 2411 578 2479 prohiberetur,
596 2411 670 2464 ultra
688 2426 750 2464 eum
768 2409 864 2474 locum,
883 2426 939 2478 quo

84 2487 113 2540 in
127 2486 187 2541 loco
203 2487 332 2541 Germani
351 2487 539 2553 consederant,
555 2487 666 2539 circiter
683 2501 778 2554 passus
796 2488 938 2538 sexcentos

83 2562 119 2615 ab
139 2563 183 2616 his
203 2564 301 2617 castris
323 2563 453 2616 idoneum
472 2562 561 2615 locum
580 2562 684 2630 delegit
703 2561 816 2629 acieque
834 2560 936 2628 triplici

83 2638 218 2694 instructa
237 2639 274 2693 ad
296 2656 359 2694 eum
381 2639 470 2692 locum
492 2639 574 2692 venit.
611 2637 733 2692 Primam
750 2641 780 2691 et
791 2635 938 2691 secundam

46 2718 49 2724 '
85 2715 171 2768 aciem
183 2716 211 2769 in
224 2715 307 2769 armis
320 2731 388 2782 esse,
400 2715 513 2768 tertiam
527 2716 618 2768 castra
634 2714 742 2767 munire
755 2712 846 2781 jussit.
883 2711 938 2765 Hic

84 2789 160 2844 locus
172 2791 207 2845 ab
219 2791 299 2846 hoste
310 2791 421 2845 circiter
432 2806 529 2859 passus
541 2792 693 2856 sexcentos,
707 2789 750 2842 uti
765 2788 869 2841 dictum
885 2790 938 2854 cst,

84 2865 191 2923 aberat.
227 2867 267 2920 Ilo
285 2867 396 2920 circiter
413 2865 554 2919 hominum
571 2864 708 2934 [numero]
726 2863 845 2918 sedecim
862 2862 938 2914 milia

83 2944 216 3012 expedita
240 2959 303 2998 cum
326 2942 399 2995 omni
422 2941 550 3010 equitatu
578 2941 734 2994 Ariovistus
762 2939 837 2992 misit
866 2953 937 3004 quae

45 3073 48 3079 .
82 3020 178 3086 copiae
201 3022 310 3074 nostros
327 3020 516 3087 perterrerent
533 3019 562 3069 et
580 3015 732 3069 munitione
749 3013 937 3084 prohiberent.

81 3088 178 3150 Nihilo
197 3095 285 3151 secius
305 3093 414 3162 Caesar,
432 3095 466 3148 ut
486 3094 551 3146 ante
571 3091 759 3159 constituerat,
777 3090 847 3144 duas
863 3088 938 3142 acies
