2018 3396
368 169 371 175 .
406 128 515 178 LIBER
530 127 596 178 VII.
890 133 936 178 149

81 212 146 265 atur
157 216 290 280 quantum
302 232 384 270 naves
396 211 600 284 processissent,
609 209 730 279 reliquas
739 210 832 280 copias
841 214 938 265 eontra

83 287 233 343 Labienum
245 291 392 346 duxemnt.
792 326 807 347 .

135 371 176 420 62.
211 365 304 421 Prima
327 369 388 422 luce
403 368 433 420 et
448 364 536 420 nostri
551 380 645 418 omnes
661 366 740 417 erant
756 364 938 433 transportati

83 444 112 494 et
135 441 255 496 hostium
272 445 343 498 acies
361 443 531 498 cernebatur.
568 440 705 494 Labienus
723 441 824 494 milites
843 442 937 495 eohor-

48 557 54 570 .
82 521 158 571 tatus
170 522 202 572 ut
214 536 279 573 suae
290 520 423 589 pristinae
435 517 547 573 virtutis
560 522 588 571 et
600 515 666 586 [tot]
678 517 937 572 secundissimorum

82 594 247 662 proeliorum
260 597 417 650 memoriam
429 595 590 660 retinerent,
600 599 683 662 atque
693 593 782 661 ipsum
793 595 937 650 Caesarem

82 670 160 739 eujus
179 672 476 741 ductu-saepenumero
494 670 587 724 hostes
606 675 782 740 superassent
800 671 937 742 [praeseu-

82 746 152 816 tem]
175 748 272 802 adesse
296 749 491 814 existimarent,
511 747 559 801 dat
578 747 684 815 signum
702 750 807 817 proelii.
844 751 936 806 Primo

82 839 213 877 concursu
225 824 260 877 ab
273 824 372 878 dextro
385 841 475 889 cornu,
487 824 535 878 ubi
547 824 664 892 septima
678 825 749 892 legio
766 825 936 893 constiterat,

82 899 175 954 hostes
186 900 326 969 pelluntur
342 905 425 970 atque
441 902 468 955 in
484 902 577 970 fugam
593 901 787 970 conjiciuntur:
806 901 841 955 ab
861 902 938 954 sinis-

81 979 134 1042 tro,
148 993 230 1044 quem
242 977 332 1030 locum
351 977 511 1031 duodecima
528 978 599 1045 legio
614 976 734 1046 tenebat,
751 994 836 1046 quum
854 978 935 1047 primi

82 1053 191 1107 ordines
203 1053 321 1108 hostium
334 1055 460 1108 transfixi
471 1055 533 1122 pilis
545 1055 735 1121 concidissent,
751 1058 844 1108 tamen
861 1071 936 1108 accr-

81 1130 151 1182 rime
175 1131 273 1199 reliqui
296 1131 468 1196 resistebant,
487 1148 537 1184 nee
555 1131 640 1184 dabat
658 1130 837 1199 suspicionem
854 1131 936 1199 fugae

81 1207 234 1274 quisquam.
271 1207 335 1276 lpse
348 1207 404 1259 dux
416 1206 537 1260 hostiurn
550 1206 750 1274 Camulogenus
767 1208 822 1260 suis
838 1208 936 1262 aderat

80 1286 165 1351 atque
177 1299 224 1338 eos
236 1283 438 1337 cohortabatur.
475 1284 585 1336 Incerto
602 1282 686 1335 etiarn
702 1299 774 1336 nune
792 1284 869 1337 exitu
882 1284 936 1338 ric-

80 1359 175 1426 toriae,
189 1376 273 1428 quum
286 1360 419 1429 septimae
431 1359 545 1427 legionis
558 1359 675 1413 tribunis
687 1363 761 1413 esset
776 1360 935 1429 nunciatum

80 1435 193 1504 quaein
206 1436 314 1490 sinistro
329 1453 413 1489 cornu
424 1439 594 1504 gererentur,
612 1439 675 1503 post
689 1439 798 1502 tergum
815 1436 935 1490 hostium

79 1511 216 1579 legionem
228 1513 558 1579 ostenderuntsignaque
574 1512 735 1567 intulerunt.
770 1511 813 1566 Ne
829 1529 861 1567 eo
878 1515 936 1582 qui-

80 1587 144 1641 dem
168 1590 292 1656 tempore
317 1588 461 1657 quisquam
485 1587 543 1640 loco
567 1588 656 1655 cessit,
681 1587 731 1642 sed
759 1588 936 1644 circumventi

80 1681 175 1718 omnes
186 1664 381 1732 interfectique
388 1668 458 1718 sunt.
479 1663 601 1717 Errncl’em
613 1664 751 1718 fortunam
765 1664 830 1718 tulit
840 1665 936 1719 Camu-

80 1741 201 1809 logenus.
232 1740 304 1794 Atii
317 1741 365 1809 qui
376 1740 514 1809 praesidio
527 1744 623 1794 contra
632 1744 722 1796 castra
733 1740 847 1794 Labieni
856 1745 936 1797 eraut

79 1818 177 1886 relicti,
195 1834 279 1886 quum
301 1817 434 1887 proelium
452 1819 627 1870 commissum
645 1817 792 1883 audissent,
814 1817 935 1879 subsidio

80 1894 244 1948 saisierunt
261 1895 411 1964 collemque
428 1899 567 1962 ceperunt,
584 1911 673 1962 neque
691 1898 846 1948 nostrorum
866 1896 936 1949 rnili-

80 1975 140 2025 tum
164 1972 298 2026 vietorum
315 1972 447 2040 impetum
467 1973 600 2025 sustinere
617 1975 773 2039 potuerunt.
810 1972 855 2026 Sic
873 1989 934 2026 cum

80 2049 135 2100 suis
158 2048 326 2116 fngientibus
344 2049 479 2116 permixti,
499 2064 566 2115 quos
589 2064 644 2100 non
668 2047 750 2102 silvae
773 2053 935 2118 montesque

80 2126 217 2190 texerunt,
229 2123 265 2177 ab
277 2125 403 2193 equitatu
416 2127 479 2177 suut
490 2122 635 2178 interfecti.
672 2124 733 2178 Hoc
748 2125 858 2192 negotio
873 2143 934 2179 con-

79 2199 160 2266 fecto,
173 2200 310 2253 Labienus
322 2199 471 2253 revertitur
487 2199 659 2267 Agendicum
676 2200 722 2252 ubi
739 2200 935 2268 impedimenta

79 2276 166 2329 totius
177 2277 313 2329 exercitus
326 2276 422 2328 relicta
436 2278 528 2331 erant:
546 2276 612 2330 inde
629 2292 691 2330 eum
708 2275 833 2328 omnibus
850 2277 934 2345 copiis

79 2351 117 2404 ad
130 2352 274 2406 Gaesarem
289 2353 420 2421 pervenit.
838 2388 842 2394 -
898 2409 908 2427 ⁸

133 2434 173 2482 63.
209 2428 369 2481 Defectione
386 2427 548 2482 Aeduorum
564 2429 672 2495 cognita
686 2427 788 2480 bellum
808 2431 933 2494 atigetur.

80 2504 243 2572 Legationes
255 2506 282 2557 in
295 2520 389 2557 ornnes
405 2507 499 2572 partes
516 2504 780 2556 circummittuntur:
800 2508 934 2571 quantum

79 2581 175 2648 gratia,
188 2581 360 2646 auctoritate,
373 2579 488 2649 pecunia
501 2579 600 2646 valent,
617 2578 652 2631 ad
668 2578 854 2632 sollicitandas
871 2579 935 2632 civ-i-

67 2650 153 2710 'tates
175 2657 308 2712 nituntur.
344 2657 426 2710 Nacti
450 2655 567 2721 obsides,
587 2671 654 2722 quos
676 2654 777 2708 Caesar
795 2654 870 2724 apud
888 2672 935 2708 eos

79 2733 252 2801 deposuerat,
268 2734 366 2788 horum
386 2733 518 2803 supplicio
535 2732 695 2785 dubitantes
711 2731 848 2785 territant.
885 2732 935 2786 Pe-

79 2811 143 2862 tunt
154 2825 172 2862 a
185 2809 409 2878 Vercingetorige
423 2810 514 2864 Aedui
526 2814 559 2864 ut
571 2809 607 2862 ad
619 2825 649 2862 se
659 2806 751 2860 veniat
760 2807 935 2877 rationesque

79 2885 144 2939 belli
156 2887 270 2953 gerendi
282 2888 469 2942 eommunicet.
508 2889 550 2941 Re
561 2887 709 2954 impetrata
721 2885 890 2938 contendunt
901 2889 934 2939 ut

79 2962 146 3030 ipsis
170 2978 276 3016 summa
293 2964 400 3032 imperii
419 2966 562 3029 tradatur-3
579 2965 608 3016 et
625 2978 656 3015 re
674 2962 706 3015 iu
722 2962 950 3038 contrastantum

80 3038 199 3092 deducta
222 3040 307 3095 totius
337 3042 445 3097 Galliae
473 3043 625 3099 concilium
646 3039 794 3092 idiomate
814 3029 976 3096 anaxarus&

72 3113 245 3169 Conveniunt
259 3119 386 3189 undique
399 3121 586 3192 frequentes.
618 3104 838 3172 maurannus
846 3093 991 3191 {ffliffi}

58 3201 77 3237 Γ
75 3200 108 3238 ⁶³
116 3191 316 3255 permittitur:
337 3197 378 3254 ad
396 3215 494 3255 unum
514 3211 624 3253 clarnos
637 3165 981 3247 *lere'ffi‘sssml‘ssm
