2018 3396
92 132 139 184 172
352 129 380 178 O.
398 127 417 176 J
420 127 502 178 ULII
519 127 694 176 CAESARIS

90 216 144 277 tur,
164 225 254 278 neque
273 208 308 262 ab
327 207 461 262 lateribus
480 207 671 262 circumveniri
692 225 756 262 suos
774 211 946 283 paterentur,

91 290 239 355 erumpunt
250 286 336 340 ceteri
350 285 451 340 Correo
463 283 615 353 proeliante
628 300 662 337 ex
672 284 753 337 silvis.
790 285 837 339 rit
845 303 947 354 magna

91 363 265 419 contentione
289 362 427 416 diversum
450 359 592 429 proelium.
628 360 709 424 Quod
733 378 817 429 quum
843 363 947 420 diutius

91 440 152 511 pari
164 440 257 493 Marte
267 439 392 507 iniretur,
405 437 548 507 paullatim
560 455 594 491 ex
607 435 683 491 silvis
701 437 836 493 instructa
852 442 947 496 multi-

92 517 161 573 tudo
172 516 297 585 procedit
303 515 429 584 peditum
439 532 510 585 quac
518 519 626 568 nostros
635 513 707 582 cogit
714 515 813 572 cedere
820 519 946 588 equitcs;

93 594 193 663 quibus
216 593 344 648 celeriter
367 592 531 646 subveniunt
554 590 622 645 leuis
645 596 801 648 armaturae
828 597 946 666 pedites

93 688 162 740 quos
173 675 239 726 ante
252 671 374 740 legiones
392 670 489 724 missos
508 669 595 736 docui,
613 670 767 740 turmisque
787 676 945 729 nostrorum

93 747 249 815 interpositi
261 751 419 803 constanter
427 745 602 815 proeliantur.
624 744 769 815 Pugnatur
775 749 947 820 aliquamdiu

94 824 153 893 pari
177 825 365 878 contentione:
383 822 493 888 deinde,
513 825 546 876 ut
564 822 635 877 ratio
658 825 817 894 postulabat
840 827 946 895 proelii,

94 899 142 968 qui
161 901 348 953 sustinuerant
366 901 469 969 primos
486 899 606 967 impetus
623 899 792 970 insidiarum,
815 902 867 957 hoc
886 903 946 972 ipso

94 978 164 1031 fiunt
188 976 342 1045 superiores
363 975 439 1043 quod
455 975 560 1028 nullum
576 975 613 1029 ab
630 975 822 1032 insidiantibus
840 978 946 1049 impru-

94 1053 192 1107 dentes
224 1056 386 1120 acceperaut
415 1052 622 1108 detrimentum.
657 1054 803 1110 Accedunt
832 1057 946 1126 propius

95 1131 205 1184 interim
227 1128 354 1194 legr'oues,
374 1128 520 1197 crebrique
538 1127 636 1183 eodem
653 1133 779 1200 ternpore
796 1134 826 1186 ct
843 1134 946 1186 nostris

95 1209 125 1260 et
140 1205 264 1260 hostibus
287 1205 379 1259 nuncii
402 1204 566 1258 adferuntur
589 1204 784 1274 imperatorem
801 1207 946 1262 instructis

95 1283 180 1351 copiis
206 1282 313 1336 edessa
359 1281 419 1345 Qua
442 1297 473 1334 rc
496 1279 605 1348 cognita
623 1282 761 1349 praesidio
791 1282 945 1338 cohortium

95 1361 189 1413 conlisi
208 1356 293 1412 nostn
314 1357 446 1412 acerrime
466 1356 642 1424 proeliantur,
659 1373 702 1425 ne,
720 1359 742 1412 si
761 1359 868 1413 tardius
886 1377 946 1414 reur

95 1436 253 1501 gessissent,
276 1430 406 1489 victoriae
429 1432 544 1500 gloriam
563 1433 775 1488 communicasse
793 1451 856 1490 cum
879 1435 947 1506 legi·

96 1513 193 1566 onibus
222 1511 389 1565 viderentur.
427 1509 530 1563 Hostes
558 1510 706 1565 concidunt
735 1511 831 1566 animis
860 1516 946 1583 atquo

95 1588 239 1642 itineribus
251 1588 367 1641 diversis
378 1586 470 1653 fugam
482 1588 626 1654 quaerunt.
654 1585 865 1657 Nequidquam
882 1606 947 1643 nam

96 1663 196 1732 quibus
208 1661 415 1718 difficultatibus
431 1662 551 1715 locorum
570 1661 706 1716 Romanos
724 1662 854 1719 claudere·
870 1665 946 1719 volu-

96 1746 182 1807 erant,
206 1740 240 1794 irs
263 1740 315 1809 ipsi
337 1738 512 1793 tenebantur.
548 1737 623 1792 Victi
646 1742 740 1793 tamen
763 1740 946 1810 perculsique,

96 1817 200 1885 majore
212 1823 291 1886 parte
307 1817 414 1882 amissa,
432 1831 485 1882 quo
502 1813 560 1868 fors
577 1813 681 1869 tulerat
698 1817 866 1871 consternati
881 1832 946 1886 pro-

96 1893 213 1960 fugiunt,
225 1893 326 1960 partim
338 1891 413 1945 silvis
424 1889 526 1959 petitis,
538 1890 641 1959 partim
652 1891 773 1959 flumine,
787 1892 834 1960 qui
851 1896 946 1947 tamen

97 1970 125 2022 in
143 1969 208 2036 fuga
231 1986 247 2021 a
270 1968 370 2021 uostris
394 1967 494 2020 acriter
517 1967 727 2036 insequentibus
748 1968 946 2034 conficiuntur;

98 2060 181 2112 quum
194 2044 304 2096 interim
316 2043 390 2096 nulla
402 2042 557 2096 calamitate
568 2043 657 2097 victus
676 2043 793 2098 Correus
810 2045 946 2100 excedere

97 2118 199 2190 proelio
224 2118 359 2186 silvasque
382 2122 478 2187 petere
500 2121 548 2172 aut
571 2118 751 2175 invitantibus
778 2121 881 2175 nostris
909 2122 946 2176 ad

98 2196 266 2250 deditionem
283 2193 375 2262 potuit
395 2193 502 2262 adduci,
525 2193 591 2262 quin
613 2194 762 2250 fortissime
784 2196 946 2265 proeliando

97 2271 305 2339 compluresque
316 2269 482 2323 vulnerando
494 2273 606 2338 cogeret
617 2269 727 2341 [elatos]
739 2271 880 2327 iracundia
891 2273 947 2328 vic·

97 2351 173 2401 tores
185 2347 212 2400 in
225 2362 255 2399 se
267 2345 323 2401 tela
334 2345 476 2414 conjicere.

150 2429 192 2478 20.
228 2423 285 2476 l'ali
297 2423 379 2476 modo
391 2438 422 2476 re
438 2426 519 2491 gesta
536 2423 691 2478 recentibus
708 2423 805 2493 proelii
821 2424 946 2494 vestigiis

97 2499 236 2569 ingressus
252 2500 360 2566 Cacsar,
378 2516 463 2568 quum
480 2500 567 2553 victos
585 2504 663 2553 tanta
679 2499 835 2554 calamitate
853 2501 947 2555 existi·
991 2562 994 2569 ,

97 2581 186 2631 maret
196 2576 289 2630 hostes
301 2576 398 2630 mmcio
410 2579 521 2644 accepto
532 2576 620 2630 locum
633 2579 785 2630 castrorum
793 2575 946 2644 relietums

97 2671 169 2722 quae
186 2671 240 2708 non
257 2654 364 2722 longius
381 2651 416 2706 ab
434 2669 466 2706 cu
483 2652 567 2707 caedo
585 2652 681 2707 abesse
698 2653 760 2722 plus
778 2652 866 2708 mimis
883 2658 946 2709 octo

97 2731 206 2784 milibus
218 2730 384 2796 dicebantur,
394 2730 503 2783 tametsi
512 2729 622 2782 flumine
628 2728 792 2798 impeditum
799 2729 947 2784 transitum

98 2808 218 2874 videbat,
242 2812 335 2860 tamen
360 2805 483 2860 exercitu
502 2804 662 2860 transducto
684 2805 869 2875 progreditur.
905 2808 947 2861 At

46 2904 54 2913 ·
98 2881 236 2936 Bellovaci
248 2882 424 2950 reliquaeque
442 2882 566 2936 civitates
584 2885 700 2949 repente
718 2899 753 2936 ex
770 2882 836 2950 fuga
852 2882 947 2950 paucis

88 2964 177 3026 atquc
195 2959 244 3013 Iris
269 2959 420 3014 vulneratis
443 2958 571 3028 receptis,-
593 2959 640 3026 qui
661 2958 790 3012 silvarum
813 2958 946 3012 beneficio

75 3045 170 3088 casum
184 3038 379 3106 evitaverunt,
393 3036 523 3093 omuibus
532 3033 786 3101 adversis,eogmta
791 3034 958 3098 scamium,

60 3100 223 3169 nreerreeeo
246 3117 370 3186 Correo,
398 3117 507 3174 amisso
523 3113 659 3184 equitatu
675 3113 707 3163 et
720 3104 972 3184 tortass'mixspedn-

50 3175 134 3254 tibus,
152 3206 254 3258 quum
277 3196 454 3254 adventare
476 3195 630 3252 Romanos
648 3181 860 3242 emstuuareut,
874 3174 992 3225 caucum
