2018 3396
446 140 558 189 urrann
577 140 627 189 vr.
813 121 820 129 '
910 91 957 190 iae

102 241 105 245 ·
158 226 200 281 172
234 222 324 277 Deum
335 223 453 276 niaxime
465 221 635 276 Mercurium
649 221 749 275 colunt.
785 219 878 290 Hujus
893 226 957 278 sunt

103 299 221 368 plurima
245 299 402 365 simulacra3
427 300 499 352 hunc
523 299 643 362 omnium
664 299 835 351 inventorem
856 299 957 352 artium

101 378 201 442 ferrmt,
222 375 294 428 hunc
317 377 422 429 viarum
447 379 531 444 atque
552 375 682 429 itinerum
704 374 810 441 ducem,
829 375 901 428 hunc
921 377 957 429 acl

103 455 233 520 quaestus
251 453 382 519 pecuniae
393 455 617 518 mercaturasque
629 449 730 503 habere
744 449 798 503 vim
810 451 956 503 maximam

103 528 279 581 arbitrantur.
317 527 384 580 Post
396 527 468 580 hune
481 527 635 596 Apollinem
646 530 675 580 ct
688 527 807 580 Martem
820 530 849 581 ct
858 527 876 580 J
879 544 955 581 ovem

102 608 132 657 et
145 603 302 656 Minervam.
333 603 375 656 De
387 602 429 656 his
438 602 551 656 eandem
563 604 619 656 lere
629 620 710 671 quam
719 601 840 671 reliquae
848 602 956 670 gentem

103 679 206 732 liabent
218 679 385 747 opinionem3
402 679 557 747 Apollinem
571 679 681 731 morbos
694 678 840 746 depellere,
855 679 956 749 Miner·

104 771 165 808 vam
189 771 301 823 operum
324 758 407 822 atque
431 755 607 808 artificiorum
625 756 703 809 initia
720 755 839 824 tradere,
857 755 954 808 lovem

103 831 247 898 imperium
278 831 435 884 coelestium
469 834 571 896 tenere,
597 832 716 885 Martem
748 831 821 886 bella
851 848 956 898 regere.

104 907 184 972 Huic,
206 924 290 975 quum
313 908 415 974 proelio
440 907 569 960 dimicare
597 900 805 974 constituerunt,
825 923 858 960 ea
883 924 954 975 quac

78 1043 82 1051 Ι
103 981 173 1035 bello
186 982 309 1050 ceperint
317 983 479 1051 plerumque
490 981 630 1036 devovent.
671 984 746 1047 Quae
755 983 954 1051 superaverint,

102 1059 228 1111 animalia
245 1062 324 1126 capta
340 1057 496 1123 immolant;
516 1059 635 1127 reliquas
652 1077 696 1112 res
713 1060 741 1112 in
760 1076 845 1112 unum
865 1059 953 1111 locum

102 1135 251 1187 conferunt.
288 1134 384 1188 Multis
395 1136 424 1187 in
437 1135 592 1188 civitatibus
610 1134 706 1187 harum
723 1152 814 1188 rerum
832 1139 953 1188 exstruc-

102 1211 290 1280 tos‚tumulos
314 1210 379 1263 locis
406 1206 745 1279 consecratis‘conspicari
769 1210 841 1277 licet,
865 1228 953 1279 neque

34 1324 43 1346 ,i
103 1302 185 1354 saepe
202 1286 299 1339 accidit
316 1289 348 1338 ut
365 1286 490 1354 neglecta
507 1287 641 1355 quispiam
659 1285 790 1353 religione
808 1290 856 1339 aut
874 1292 954 1354 capta
1004 1318 1007 1323 ·

102 1361 176 1430 apud
192 1362 372 1431 seoccultare
388 1365 436 1415 aut
454 1363 544 1430 posita
563 1363 662 1416 tollere
679 1362 807 1425 auderet;
828 1363 954 1428 gmvissi-

101 1453 230 1505 mumque
243 1438 267 1490 ci
280 1438 320 1490 rei
334 1437 495 1505 supplicium
509 1454 570 1490 cum
580 1437 700 1490 cruciatu
710 1437 888 1489 constitutum
900 1441 950 1490 cst.

156 1519 192 1568 ra
233 1514 303 1566 Galli
317 1530 346 1566 se
358 1530 452 1566 omnes
464 1513 499 1566 ab
512 1513 577 1566 Dite
590 1518 669 1581 patre
684 1515 832 1581 prognatos
847 1513 953 1580 praedi-

102 1593 172 1656 cant,
191 1589 274 1658 idque
294 1589 334 1642 ⁴ab
353 1589 503 1643 Druidibus
521 1589 661 1657 proditum
685 1588 787 1641 dicunt.
823 1587 866 1640 Ob
892 1605 957 1642 eaor
1004 1586 1005 1590 ’

103 1681 210 1720 causam
224 1666 313 1733 spatia
330 1666 417 1718 omnis
434 1666 565 1734 temporis
582 1683 635 1718 non
649 1681 762 1718 numero
778 1663 886 1716 dierum
903 1665 952 1718 sed

102 1742 221 1794 noctium
244 1742 356 1806 finiunt;
375 1741 433 1794 dies
451 1741 555 1795 natales
573 1746 602 1795 et
620 1740 753 1794 mensium
773 1743 802 1794 et
819 1739 952 1794 annorum

101 1817 181 1871 initia
199 1817 237 1870 sic
258 1817 403 1871 observant
426 1821 458 1871 ut
482 1821 588 1871 noctem
613 1817 672 1870 dics
691 1816 880 1884 subsequatur.
917 1816 951 1870 lu

102 1893 215 1961 reliquis
233 1894 305 1946 vitae
327 1893 460 1947 institutis
479 1894 530 1946 hoc
548 1893 606 1946 fere
626 1893 661 1946 ab
681 1893 793 1961 reliquis
813 1891 951 1960 differunt,

102 1969 177 2037 quod
200 1986 262 2023 suos
285 1969 393 2036 liberos,
418 1970 471 2022 nisi
498 1973 580 2037 quum
606 1969 784 2022 adoleverunt
802 1973 835 2022 ut
853 1986 951 2022 munus

102 2045 216 2098 militiae
228 2045 362 2098 sustinere
374 2045 486 2113 possint,
499 2045 588 2113 palam
601 2045 637 2099 ad
649 2063 678 2099 se
691 2044 768 2098 adire
780 2062 833 2098 non
845 2045 948 2114 patiun-

102 2123 164 2185 tur;
187 2121 326 2188 filiumque
347 2121 449 2250 puerili
473 2125 535 2174 aeta
536 2126 564 2175 te
587 2122 616 2174 in
634 2121 743 2190 publico
760 2121 788 2174 in
806 2124 951 2189 conspectu

102 2162 189 2264 patris
201 2196 335 2250 adsistere
347 2201 427 2265 turpe
439 2197 550 2250 ducunt.

156 2279 194 2326 19
228 2273 290 2325 Viri
309 2277 424 2341 quantas
437 2273 564 2341 pecunias
574 2271 609 2324 ab
618 2273 748 2326 uxoribus
759 2272 816 2325 dot'
797 2277 832 2325 trs
842 2273 951 2327 nomine

102 2352 273 2416 acceperunt,
286 2352 346 2402 tant
348 2365 377 2401 as
390 2364 423 2401 ex
436 2348 491 2401 suis
503 2347 581 2400 bonis
593 2348 784 2402 aestimatione
801 2350 874 2402 freta
889 2365 949 2402 cum

103 2423 214 2478 dotibus
225 2425 430 2478 communicant.
455 2421 558 2493 Hujus
571 2425 657 2477 omnis
671 2425 803 2492 pecuniae
824 2425 951 2492 conjunc-

103 2501 154 2553 tim
177 2499 248 2554 ratio
268 2500 386 2555 habetur
402 2501 563 2568 fructusque
588 2504 744 2554 serrantur:
768 2504 832 2553 uter
856 2517 949 2553 corum

103 2577 160 2630 vita
183 2577 326 2644 superarit,
345 2576 381 2630 ad
400 2593 463 2630 eum
486 2592 550 2644 pars
573 2574 717 2642 utriusque
735 2592 795 2628 cum
817 2576 951 2629 sumtibus

104 2653 272 2720 superiorum
291 2655 445 2721 temporum
459 2652 592 2721 pervenit.
632 2649 692 2703 Viri
709 2652 737 2704 in
753 2667 853 2704 uxores
870 2650 950 2705 sicuti

104 2727 133 2779 in
148 2727 249 2782 liberos
266 2728 339 2783 ritae
355 2729 483 2797 necisque
499 2728 602 2782 habent
620 2730 801 2797 potestatem
819 2731 951 2796 etquum

72 2808 83 2831 ⁸
104 2807 183 2872 pater
196 2803 315 2857 familiae
330 2805 478 2859 illustriore
495 2804 554 2857 loco
569 2807 650 2857 natus
668 2803 793 2870 decessit,
812 2802 871 2870 ejus
889 2819 951 2872 pro-

104 2879 198 2967 pinqui
216 2880 386 2946 conveniunt,
402 2883 432 2933 et
449 2879 485 2933 de
502 2883 592 2934 morte
610 2880 632 2933 si
650 2896 695 2934 res
719 2879 747 2932 in
772 2879 952 2947 suspicionem

105 2956 186 3022 venit,
167 2955 247 3009 tde
270 2957 431 3009 uxoribus
424 2974 453 3010 m
477 2957 607 3011 seruilem
627 2956 749 3009 usuum
772 2954 979 3020 quaestione-ux

101 3030 209 3096 liabent,
228 3033 298 3086 etsi
316 3038 495 3103 compertum
513 3034 653 3104 estsigni
668 3037 762 3099 atque
781 3022 921 3078 emanans·
934 3019 1001 3059 m

90 3105 193 3157 ruentis
205 3108 404 3166 excruciatas
396 3117 441 3168 mt
430 3113 596 3169 terficiunt
631 3112 763 3166 Funera
772 3101 849 3155 sum
862 3091 986 3154 imm

41 3175 225 3235 0²²H⁰¹l¹¹¹¹
240 3189 400 3253 ”llllnifiea
416 3196 447 3249 et
461 3197 672 3268 sumptuosa·
689 3180 861 3242 emmaum
877 3157 994 3225 (Ῥω
