2018 3396
98 132 130 180 82
351 129 379 180 ,0.
397 127 416 177 J
418 128 498 178 ULII
515 128 688 178 CAESARIS

97 211 162 262 rant
173 197 274 262 auxilia
285 206 476 277 discesserunt,
487 225 576 276 neque
588 206 692 277 postid
703 209 811 274 tempus
823 225 950 276 umquam

98 284 211 338 summis
222 284 362 337 nobiscum
374 283 458 352 copiis
469 283 562 337 hostes
573 283 797 337 contenderunt·
978 302 980 306 ⁸

122 354 125 358 ⁴
153 368 194 417 18.
231 360 331 414 Caesar
342 361 451 428 cognito
463 360 573 414 oonsilio
586 376 679 413 eorum
692 360 728 412 ad
744 361 842 413 fiumen
858 360 951 413 'l'ame-

99 437 141 490 sin
153 437 181 489 in
193 437 261 490 fines
278 436 473 492 cassivellauni
489 436 642 490 exereitum
659 436 745 502 duxit,
763 433 952 503 quod‘liumen

98 528 153 566 uno
169 513 277 566 omnino
293 513 351 567 loeo
370 513 487 582 pedibus
506 515 589 580 atque
608 512 659 566 hoo
677 529 759 580 aegre
779 512 887 565 transiri
906 529 952 580 po

99 592 163 644 test.
200 589 240 643 Eo
259 607 342 658 quum
361 590 488 658 venisset,
506 589 627 643 animum
645 587 820 642 advertit'ad
837 588 951 642 alteram

98 665 217 718 fluminis
232 665 320 734 ripam
336 682 447 733 magnas
466 681 526 719 esse
543 665 635 733 copias
653 665 772 718 hostium
790 664 950 718 instructas:

99 742 160 810 ripa
183 744 276 795 autern
300 746 359 795 erat
383 742 469 796 acutis
497 741 609 795 sudibus
633 741 816 808 praefixisqne
839 742 950 809 munita,

42 841 46 847 ·
99 817 277 886 ejusdemque
289 819 397 885 generis
410 817 461 870 sub
476 833 548 886 aqua
564 817 671 870 delixae
687 816 769 870 sudes
786 816 895 870 flumine
911 822 951 870 te-

99 895 240 962 gebantur.
281 895 334 946 llis
357 893 439 947 rebus
463 893 579 962 cognitis
599 909 616 946 ιι
636 893 751 962 captivis
775 892 950 962 perfugisque

59 1020 66 1033 ,
101 971 201 1028 Genesar
217 971 366 1039 praemisso
385 971 509 1038 equitatu
525 970 667 1024 confestim
687 970 806 1037 legiones
823 969 950 1037 subsequi

95 1046 188 1115 jussit.
223 1047 277 1100 Sed
288 1063 321 1100 ea
330 1046 471 1100 celeritate
483 1050 567 1116 atque
580 1047 727 1115 eoinrpetu
741 1047 841 1100 milites
853 1047 950 1112 icrunt,

100 1140 184 1190 quum
196 1123 285 1192 eapite
298 1122 354 1175 solo
366 1138 401 1175 ex
412 1139 483 1191 aqna
499 1125 646 1189 exstarent,
663 1127 695 1174 ιιι
710 1122 803 1175 hostes
819 1125 950 1190 impetum

100 1199 237 1266 legionum
249 1202 333 1266 atque
345 1198 469 1266 equitum
482 1199 617 1252 sustinere
630 1215 682 1250 non
698 1203 809 1266 possent
824 1198 951 1266 ripqsquo

101 1275 273 1328 dimitterent
284 1291 316 1328 ac
329 1291 359 1328 se
371 1275 451 1342 fugae
463 1275 631 1328 arandarcnt.

154 1357 192 1405 19
230 1351 500 1428 Cassivellaunusut
468 1355 599 1430 usupra
615 1351 866 1416 demonstravimus,
879 1352 952 1404 omui

101 1427 226 1507 deposita
245 1443 293 1495 spe
302 1419 503 1493 contentionis,
526 1420 645 1479 dimissis
664 1427 840 1494 amplioribus
860 1428 951 1495 copiis,

101 1484 210 1557 miliblrs
226 1503 337 1556 circiter
353 1518 383 1556 ιι
400 1494 597 1556 essedariorum
615 1502 701 1554 reliet'
683 1508 725 1568 t‚1s
742 1503 841 1557 itinera
858 1507 953 1557 nostra

102 1579 228 1642 ιοιιιιιιιι
216 1579 404 1647 tpaulumque
417 1596 449 1632 ex
463 1579 506 1631 vin
516 1577 667 1632 excedebat
667 1578 804 1647 ‚locisque
813 1579 953 1647 impeditis

102 1673 133 1710 ac
145 1655 314 1709 silvestribus
327 1671 387 1708 sese
400 1655 560 1723 occultabat,
573 1653 688 1721 atque
669 1670 704 1706 ns
720 1655 881 1723 regionibus,
895 1656 953 1722 qui-

102 1733 153 1785 bus
165 1748 213 1784 nos
229 1731 283 1784 iter
298 1731 418 1785 lecturos
435 1734 604 1799 cognoserat,
616 1746 717 1798 pecora
732 1735 815 1799 atque
830 1731 953 1784 hemines

103 1825 136 1861 ex
149 1807 222 1874 agris
233 1807 261 1860 in
274 1807 355 1861 silvas
368 1776 590 1875 compellebam>
575 1810 698 1874 ctquum
710 1807 849 1894 equitatus
859 1811 954 1860 noster

102 1885 213 1939 liberius
225 1883 376 1972 praedandi
392 1882 572 1952 vastandique
588 1899 669 1936 causa
685 1883 758 1936 sein
774 1899 853 1950 egros
869 1883 951 1936 effun-

103 1961 188 2026 deret,
202 1959 363 2013 omnibus'
338 1959 390 2013 viis
401 1960 475 2014 notis
487 1960 645 2026 semitisque
658 1958 810 2013 essedarios
829 1975 864 2012 ex
880 1959 954 2012 silvis

103 2036 248 2090 omittebat
267 2039 296 2088 et
315 2051 413 2103 magno
432 2053 493 2091 eum
513 2035 633 2103 periculo
654 2039 810 2089 nostrorum
830 2036 953 2104 equitum

102 2128 164 2164 cnm
176 2112 209 2164 iis
221 2111 391 2180 confligebat,
404 2117 486 2182 atque
498 2111 549 2164 hoc
565 2119 641 2165 metu
657 2113 740 2166 latius
756 2111 848 2178 vagari
864 2111 954 2179 probi-

102 2187 194 2240 bebat.
230 2187 447 2257 Relinquebatur
473 2191 505 2242 ut
532 2205 622 2256 neque
649 2188 756 2255 longius
783 2187 819 2240 ab
846 2187 960 2254 agmine-

102 2263 238 2328 legionum
259 2262 363 2316 discedi
384 2265 483 2317 Caesar
498 2267 648 2332 pateretur,
662 2267 692 2317 ot
710 2268 818 2317 tantum
837 2264 864 2316 in
881 2264 955 2330 agris

102 2337 243 2392 vastandis
273 2339 461 2407 incendiisque
489 2339 619 2392 faciendis
651 2339 776 2392 hostibus
802 2343 955 2406 noceretur,

103 2418 235 2482 quantum
249 2413 341 2466 labore
357 2418 440 2482 atque
456 2415 555 2468 itinere
573 2415 713 2482 legionarii
730 2415 832 2469 milites
848 2416 956 2469 efficere

103 2493 237 2559 poterant.
568 2499 585 2552 ς’

34 2577 61 2618 ,ι
74 2587 85 2607 ι
155 2565 195 2612 20.
235 2559 349 2612 Interim
371 2558 561 2626 Trinobantes
580 2577 665 2629 prope
685 2561 841 2614 firmissima
861 2577 955 2614 earum

104 2636 247 2703 regionum
259 2635 361 2701 civitas,
374 2652 408 2688 ex
421 2651 475 2702 qua
487 2635 697 2690 Mandubratins
712 2636 871 2690 adolescens
888 2637 956 2690 Cae-

104 2713 172 2765 saris
193 2711 276 2765 fidem
301 2714 409 2764 secutus
435 2711 470 2764 ad
495 2728 555 2764 cum
580 2712 608 2764 in
632 2713 816 2767 continentem
841 2712 956 2766 Galliam

104 2791 216 2842 venerat
229 2787 316 2855 (cujus
327 2790 408 2855 pater
422 2787 607 2840 lmnnuentius
623 2787 652 2840 in
668 2804 700 2840 ea
715 2788 826 2842 civitate
841 2805 955 2855 regnum

103 2863 261 2918 obtinuerat
273 2864 489 2931 interfectusque
502 2872 562 2915 crat
571 2880 587 2916 a
597 2863 798 2917 Cassivellauno
800 2864 876 2932 ,ipso
889 2865 956 2932 fuga

127 2943 217 2991 ortem
239 2942 382 2995 citaverat
362 2941 514 3009 t,legatos
531 2939 567 2992 ad
585 2940 729 2993 Caesarem
746 2941 862 2994 mittunt
878 2940 956 3008 palb-

135 3013 242 3082 turque
260 3034 325 3070 sese
348 3020 375 3072 ei
395 3018 476 3073 dedit
466 3024 546 3078 turos
566 3020 654 3111 atque
673 3018 814 3085 imperata
831 3017 970 3066 tacturos·

137 3088 177 3138 nt
191 3093 224 3142 ut
235 3092 340 3173 Mend
333 3098 527 3154 rrrbrrtiuml
498 3116 518 3152 ιι
531 3117 538 3151 ι
551 3098 659 3185 injuria
670 3089 877 3150 Cassiuellauni
891 3085 987 3135 belm·

119 3159 248 3230 'millo
233 3165 448 3243 militatem
466 3176 573 3233 mittat
590 3173 647 3246 qui
659 3170 774 3244 praesit
792 3157 1002 3229 'imperiumn

418 3288 438 3317 Ι
