2018 3396
133 170 137 176 ,
429 117 540 166 LIBER
564 117 618 167 111.
923 121 953 171 47

99 202 229 272 pluribus
248 201 403 257 confectum
430 199 589 255 vulneribus
617 199 743 266 diximus,
770 202 800 256 et
828 200 896 256 item
925 203 954 256 Ο.

99 278 264 347 Volusenus,
283 276 412 332 tribunus
431 276 556 345 militum,
575 277 619 331 vir
637 280 667 332 et
685 277 790 331 consilii
811 279 904 347 magni
925 282 955 334 ot

99 354 217 423 virtutis,
236 354 274 408 ad
294 353 411 408 Galbam
428 355 575 407 aecurrunt
594 356 679 422 atque
701 370 783 406 unam
800 371 860 408 esso
878 372 954 424 spem

99 430 197 485 salutis
215 430 322 495 docent,
341 429 364 483 si
385 428 530 497 eruptione
550 429 623 484 facta
644 433 799 482 extremum
822 432 954 485 auxilium

33 560 38 567 ,
99 505 299 576 experirentur.
335 504 436 573 Itaque
448 505 602 558 convocatis
611 505 816 560 centurionibus
826 509 955 562 celeriter

99 583 202 637 milites
213 581 345 636 certiores
356 580 430 647 facit,
440 579 584 649 Paulisper
593 581 811 636 intermitterent
819 586 953 652 proelium

99 656 334 712 actantummodo
349 656 406 710 tela
421 657 505 710 missa
523 656 682 724 exciperent
703 674 788 726 seque
807 675 842 712 ex
860 659 954 713 laboro

99 734 253 798 reficerent,
271 734 335 801 post
354 731 420 785 dato
438 731 515 798 signo
533 747 549 785 e
566 731 663 785 castris
679 738 855 801 erumperent
870 740 954 806 atquo

99 824 208 863 omnem
221 824 298 877 spem
311 808 406 860 salutis
418 808 446 860 in
459 807 565 861 virtute
577 812 718 875 ponerent.
944 826 977 851 r

154 890 178 939 6.
214 883 295 948 Quod
302 882 374 951 jussi
387 886 451 936 sunt
462 881 615 951 faciuntea
627 883 718 938 subito
731 885 855 938 omnibns
866 888 955 954 portis

99 960 243 1028 eruptione
255 959 327 1012 faeta
339 975 429 1027 neque
442 959 623 1026 cognoscendi
636 960 703 1028 quid
716 961 796 1015 fieret
808 978 897 1030 nequo
913 964 955 1014 sni

100 1036 245 1104 colligendi
257 1034 383 1090 hostibus
394 1035 554 1090 facultatem
570 1036 738 1105 relinquunt.
775 1038 821 1092 lta
837 1055 955 1092 eommu-

100 1115 161 1165 tata
172 1112 282 1165 fortuna
301 1128 348 1165 eos
370 1111 463 1178 quiin
485 1127 562 1180 spem
585 1112 782 1180 potiundorum
804 1118 955 1168 castrorum

100 1192 232 1243 venerant
243 1187 367 1256 undique
379 1187 579 1242 circumventos
591 1189 767 1256 interficiunt,
781 1193 810 1243 et
823 1207 857 1244 ex
872 1189 956 1242 homi-

100 1280 165 1316 nnm
176 1263 287 1317 milibus
299 1262 416 1330 amplius
434 1279 499 1331 xxx,
516 1281 598 1333 quem
615 1281 759 1317 nnmerum
776 1264 955 1318 barbarorum

101 1339 138 1392 ad
150 1343 240 1393 eastra
251 1338 359 1392 venisse
370 1337 523 1406 constabat,
534 1338 596 1407 plus
612 1340 696 1393 tertia
711 1342 790 1407 parte
809 1341 956 1393 interfecta

100 1415 220 1482 reliquos
237 1414 400 1483 perterritos
417 1414 446 1468 in
462 1413 555 1482 fugam
571 1414 720 1483 conjiciunt
738 1431 771 1468 ac
789 1432 824 1469 ne
843 1416 871 1468 in
890 1416 956 1470 locis

100 1491 212 1560 quidem
225 1491 411 1560 superioribus
423 1491 572 1545 consistere
583 1491 734 1559 patiuntur.
770 1491 815 1546 Sic
831 1491 956 1545 omnibus

100 1565 220 1621 hostium
232 1567 317 1636 copiis
329 1567 395 1620 fusis
409 1567 547 1635 annisque
561 1567 652 1621 exutis
669 1583 699 1627 se
715 1567 743 1620 in
759 1572 850 1621 castra
868 1569 956 1621 muni-

100 1643 246 1712 tionesque
258 1659 321 1696 suas
333 1643 476 1711 recipiunt.
513 1642 573 1706 Quo
589 1642 693 1710 proelio
712 1643 792 1710 facto,
806 1643 879 1711 quod
898 1661 956 1698 sae-

100 1718 164 1788 pius
176 1719 313 1772 fortunam
325 1721 434 1772 tentare
454 1717 542 1772 Galba
560 1718 671 1772 nolebat
691 1723 775 1787 atque
797 1719 850 1773 alio
872 1737 902 1774 se
927 1722 955 1774 in

100 1794 217 1848 hiberna
224 1795 336 1848 consilio
345 1795 452 1849 venisse
461 1794 631 1862 meminerat,
641 1794 702 1848 aliis
711 1796 861 1850 occurrisse
872 1796 956 1850 rebus

101 1871 217 1936 viderat,
230 1871 349 1924 maxime
360 1871 491 1924 frumenti
505 1874 727 1938 commeatusque
742 1871 834 1939 inopia
850 1889 956 1940 permo-

101 1950 148 2002 tus
158 1951 270 2016 postero
287 1947 333 2000 die
349 1946 475 2000 omnibus
492 1945 553 2013 ejus
570 1946 623 2000 rici
640 1947 771 2000 aedificiis
791 1949 907 2001 incensis
926 1949 955 2002 in

102 2023 273 2076 Provinciam
286 2023 389 2077 revorti
401 2021 551 2087 contendit,
564 2038 596 2075 ao
608 2022 682 2075 nullo
699 2022 778 2076 hoste
792 2023 955 2090 prohibente

101 2102 150 2154 aut
167 2100 221 2153 iter
237 2099 397 2152 demorante
413 2098 576 2150 incolumem
596 2098 730 2167 legionem
749 2098 776 2150 in
793 2099 955 2166 Nantuates,

101 2174 167 2229 inde
178 2175 206 2228 in
217 2175 385 2242 ‘Allobroges
396 2173 528 2242 perduxit
539 2173 634 2242 ibique
645 2173 782 2228 hiemavit.

155 2254 178 2309 7.
216 2250 269 2304 His
278 2250 360 2304 rebus
369 2250 463 2317 gestis,
472 2265 557 2316 quum
570 2250 694 2303 omnibus
706 2249 743 2303 de
755 2250 843 2304 causis
856 2251 957 2304 Caesar

102 2330 226 2397 pacatam
240 2326 356 2380 Galliam
370 2325 549 2393 existimaret,
567 2325 702 2393 superatis
718 2325 820 2392 Belgis,
836 2327 956 2394 expulsis

103 2403 254 2468 Germanis,
279 2402 357 2455 victis
380 2400 410 2453 in
434 2400 552 2469 Alpibus
576 2401 700 2468 Sedunis,
721 2404 804 2469 atque
825 2401 866 2455 ita
888 2402 957 2455 inita

102 2479 192 2533 hicme
213 2477 264 2547 [in]
286 2477 425 2545 Illyricum
446 2476 585 2544 profectus
605 2480 686 2543 esset,
699 2475 774 2544 quod
787 2493 833 2530 eas
846 2493 956 2545 quoqne

102 2555 228 2608 nationes
241 2553 318 2606 adiro
330 2557 360 2606 ct
371 2552 497 2620 regiones
515 2569 678 2621 cognoscere
697 2551 814 2618 volebat,
834 2552 956 2606 subitum

102 2629 206 2683 bellum
214 2629 243 2681 in
252 2629 341 2684 Gallia
350 2632 473 2682 coortum
484 2632 534 2683 est.
575 2628 642 2697 Ejus
652 2626 717 2681 belli
729 2627 796 2680 haec
807 2627 860 2680 fuit
868 2644 955 2682 causa

105 2702 136 2760 P.
154 2704 272 2760 Crassus
291 2704 448 2758 adolescens
468 2721 529 2757 oum
548 2705 656 2772 logione
677 2702 793 2770 septima
816 2703 957 2770 proximus

102 2796 179 2836 mare
195 2780 333 2834 Oceanum
348 2780 377 2834 in
395 2780 523 2833 Andibus
538 2782 679 2833 hiemaret.
716 2779 753 2844 ls,
772 2777 847 2846 quod
866 2776 895 2829 in
914 2776 957 2831 his

102 2856 169 2911 locis
188 2856 280 2925 inopia
298 2855 429 2910 frumenti
450 2860 517 2921 orat,
539 2855 691 2924 praefectos
707 2853 886 2921 tribunosque
907 2854 957 2906 mi-

102 2932 183 2986 litum
204 2932 357 3001 complures
380 2933 409 2986 in
429 2918 563 2988 finitimas
586 2931 717 2986 ciuitates
730 2929 877 3008 amnena
887 2941 980 3001 sapsas

99 3007 205 3062 dirrisit
215 3028 224 3075 ;
244 3026 301 3080 quo
321 3011 352 3066 in
372 3029 493 3068 numero
515 3015 581 3068 crat
597 3003 996 3080 l'lerrasxdxusmssuap

89 3082 287 3155 detumeaM.
301 3090 427 3149 Trebius
445 3093 551 3151 Gallus
568 3065 908 3148 mauritanum*
914 3064 996 3114 ‘im

81 3171 146 3215 cum
160 3160 194 3219 Τ.
206 3163 283 3225 Silio
295 3169 327 3228 in
342 3172 495 3232 Venetos.
