2018 3396
430 124 539 176 LIBER
555 126 609 177 111.
921 134 952 180 53

147 214 186 265 18.
223 207 285 261 Hac
295 206 454 261 confirmata
464 207 592 285 opinione
608 207 713 263 timeris
725 190 852 264 idoneum
867 228 952 280 quen-

93 283 157 339 dum
178 284 315 338 hominem
334 285 363 336 ct
383 283 510 336 callidum
528 284 632 352 delegit
649 285 757 339 Gallum
773 303 808 340 ex
824 287 867 340 his
884 304 951 356 quos

92 360 185 415 auxilii
194 375 276 414 causa
285 375 377 413 secum
389 359 516 415 habebat.
555 361 629 414 Huic
640 362 745 430 magnis
757 364 883 432 pmemiis
896 365 952 433 pol-

92 434 341 504 licitationibusque
363 435 513 504 persuadet
530 436 627 490 uti-ad
650 437 743 492 hostes
767 443 897 506 transcat,
922 444 951 494 ct

91 513 161 582 quid
172 512 307 567 fierivelit
315 511 418 567 edocet.
451 511 503 575 Qui
514 511 560 566 ubi
573 529 624 583 pro
635 514 750 582 perfuga
762 516 797 568 ad
810 532 855 569 ees
868 516 949 583 venit,

91 591 221 645 timorem
245 590 428 643 Romanorum
453 590 588 658 proponit,
610 590 709 657 quibus
733 592 865 658 angustiis
889 593 948 661 ipsc

93 666 196 721 (laesor
206 683 224 720 a
234 665 350 721 Venetis
365 670 505 734 prematur
521 665 608 733 docet,
625 684 715 734 neque
731 667 835 735 longius
851 668 948 722 abesse

93 742 160 811 quin
176 743 299 813 proxima
316 747 397 797 nocte
415 741 531 796 Sabinus
548 743 617 795 elam
634 759 668 795 ex
685 745 781 796 eastris
798 745 948 797 exercitum

92 817 194 872 educat
210 818 291 873 etad
307 819 450 872 Caesarem
468 818 561 871 auxilii
576 819 682 873 ferendi
701 837 780 873 eausa
797 820 949 887 proficisca-

92 895 148 946 tur.
184 894 265 959 Quod
277 894 323 948 ubi
340 894 465 948 auditum
485 899 534 962 cst,
547 897 713 950 conclamant
727 914 819 949 omncs
836 896 950 949 occasio-

92 986 156 1023 ncm
167 971 270 1038 negotii
279 971 348 1024 bene
360 972 474 1038 gerendi
487 973 665 1026 amittendam
676 971 950 1038 nonesse,ade=ist1a

93 1045 128 1098 iri
139 1050 273 1114 oportere.
311 1047 416 1101 Multae
429 1065 473 1101 res
487 1048 585 1101 adhoc
598 1049 737 1103 eonsilium
750 1048 842 1101 (lalles
858 1048 949 1100 horta-

93 1121 209 1178 bantur:
228 1125 397 1193 superiorum
416 1124 522 1177 dicrum
541 1125 634 1179 Sabini
651 1125 794 1189 cunetatio,
815 1125 946 1191 perfugae

93 1199 270 1259 confirmatio,
282 1201 373 1270 inopia
388 1200 558 1268 cibariorum,
571 1200 613 1253 cui
630 1200 670 1252 roi
687 1216 782 1266 parum
800 1198 948 1266 diligenter

93 1273 129 1327 ab
147 1275 181 1327 iis
200 1279 261 1329 erat
275 1277 420 1344 provisum,
438 1293 499 1345 spes
517 1275 643 1328 Venetici
660 1274 732 1340 belli,
752 1278 780 1326 ct
799 1274 873 1341 quod
891 1275 952 1326 fera

94 1349 212 1404 libenter
235 1352 357 1406 hemines
381 1352 410 1405 id
431 1351 505 1419 qued
524 1352 617 1405 velunt
636 1351 758 1404 eredunt.
796 1349 849 1401 llis
867 1348 949 1402 rebus

94 1426 207 1480 adducti
227 1443 281 1480 non
305 1428 381 1497 prius
404 1427 589 1480 Viridovicem
610 1428 784 1494 reliquosque
808 1425 891 1478 duces
915 1441 947 1477 ex

94 1503 206 1556 concilio
219 1503 363 1557 dimittunt
380 1520 461 1572 quam
477 1503 512 1556 ab
529 1503 571 1556 his
588 1502 624 1556 sit
639 1518 793 1555 cencessum
813 1517 889 1553 arma
907 1502 948 1554 uti

93 1578 203 1648 capiant
215 1582 244 1632 ot
256 1579 292 1632 acl
304 1583 393 1632 eastra
405 1580 579 1633 contendant
619 1579 678 1643 Qua
694 1595 724 1631 re
740 1593 866 1630 concessa
881 1577 947 1630 laeti

93 1657 126 1708 ut
149 1654 290 1723 explorata
313 1655 427 1708 victoria
455 1656 598 1709 sarmentis
622 1654 802 1722 virgultisque
826 1653 946 1706 collectis

94 1729 195 1797 quibus
206 1730 293 1783 fessas
305 1731 487 1784 Romanorum
500 1731 654 1799 compleant
666 1730 701 1783 ad
713 1733 803 1782 castra
819 1733 945 1796 pergunt.

148 1812 186 1860 19.
224 1806 312 1859 Locus
324 1811 383 1860 erat
396 1810 545 1859 castrorum
558 1806 648 1860 editus
663 1809 692 1859 et
701 1805 833 1873 paulatim
843 1805 878 1857 ab
887 1804 943 1857 ime

94 1882 201 1936 acclivis
213 1882 321 1936 circiter
333 1899 428 1951 passus
439 1883 521 1935 mille.
558 1883 621 1935 Huc
632 1898 731 1949 magno
744 1897 823 1934 eursu
838 1884 948 1933 eonten-

94 1957 195 2013 dcrunt
215 1963 247 2012 ut
265 1975 346 2027 quam
364 1958 504 2011 minimum
522 1958 602 2027 spatii
620 1958 656 2010 ad
674 1975 703 2010 se
721 1956 886 2024 colligendos
904 1973 947 2009 ar-

94 2034 261 2102 mandosque
275 2034 404 2087 Romanis
417 2035 537 2101 daretur,
547 2035 747 2102 exanimatique
757 2035 947 2101 pervenerunt.

95 2108 210 2162 Sabinus
222 2126 284 2162 sues
296 2110 422 2164 hortatus
434 2110 606 2178 cupientibus
619 2111 723 2177 siguum
734 2110 789 2162 dat.
827 2108 947 2176 Impedi-

94 2185 130 2238 tis
152 2185 276 2239 hostibus
299 2191 412 2254 prepter
436 2204 468 2239 ea
497 2203 566 2254 quac
594 2185 720 2238 ferebant
747 2200 830 2237 onera
858 2183 948 2236 subito

29 2322 32 2327 Ι
95 2259 201 2314 duabus
216 2262 304 2329 portis
320 2264 489 2329 eruptionem
507 2262 565 2314 fieri
581 2261 669 2329 jubet.
706 2262 820 2315 Factum
839 2263 882 2313 est
902 2277 948 2328 ep

95 2337 263 2404 portunitate
286 2337 344 2403 leci,
368 2337 487 2390 hostium
516 2336 657 2390 inscientia
684 2354 715 2390 ac
744 2335 947 2401 defatigatione,

94 2412 197 2465 virtute
210 2411 326 2466 militum
343 2418 372 2468 et
389 2413 558 2482 superiorum
574 2430 727 2482 pugnarum
746 2411 949 2474 exercitatione,

95 2491 127 2541 ut
149 2505 184 2541 nc
207 2506 290 2542 unum
315 2491 425 2558 quidem
452 2493 606 2543 nostrerum
630 2492 762 2558 impetum
787 2488 890 2539 ferrent
918 2502 949 2537 ac

96 2565 189 2618 statim
201 2569 280 2639 terga
292 2571 437 2621 verterent.
476 2568 549 2632 Quos
561 2567 707 2636 impeditos
719 2563 834 2630 integris
846 2561 948 2614 viribus

96 2641 196 2694 milites
214 2642 300 2694 nostri
318 2643 453 2696 consecuti
469 2660 596 2710 magnum
613 2657 754 2694 numerum
771 2653 864 2690 eorum
881 2637 948 2690 ecci-

96 2714 212 2782 derunt;
232 2718 351 2786 reliquos
363 2719 470 2786 equites
482 2719 631 2771 consectati
646 2732 745 2785 paucos
762 2713 808 2782 qui
829 2729 863 2766 cx
883 2712 948 2780 luga

95 2797 237 2847 evaserant
260 2794 437 2862 reliquerunt.
473 2795 517 2848 Sic
540 2811 593 2846 une
619 2797 741 2860 tempere
759 2795 788 2842 ct
806 2788 841 2841 de
859 2789 947 2841 navali

95 2882 186 2935 pugna
202 2868 318 2923 Scrbinus
337 2871 415 2924 etde
432 2870 524 2923 Sabini
541 2870 654 2923 victoria
671 2868 770 2920 Caesar
788 2867 831 2917 est
850 2864 948 2916 certior

95 2940 188 3011 lactus,
201 2945 380 3014 civitatesque
393 2962 487 2999 earnes
499 2962 530 3000 se
542 2945 642 3000 statim
652 2943 767 2996 'lituris
783 2938 964 2991 scammum

90 3015 160 3081 Nam
173 3023 204 3072 ut
215 3021 252 3074 ad
265 3021 338 3077 bella
351 3024 536 3095 suscipienda
548 3024 702 3080 Gallorum
710 3019 806 3072 msam
821 3025 860 3060 ‘os
869 3014 996 3072 ΨΜ.

82 3094 126 3143 tus
137 3098 181 3148 cst
192 3098 314 3170 animus,
327 3101 369 3158 sic
382 3103 481 3159 mellis
493 3121 531 3159 ac
543 3101 669 3157 mimine
680 3095 834 3151 resistens
843 3079 889 3132 aa

72 3166 145 3284 triga
156 3174 353 3237 perferendas
368 3199 460 3238 mens
474 3200 584 3238 cerum
597 3183 659 3235 est.

458 3294 479 3331 δ(
