2018 3396
60 131 91 177 12
313 129 341 178 0.
359 128 462 178 JULII
479 128 652 178 CAESARIS

59 205 254 261 frumentariae
266 199 487 274 prospiciendum
499 206 675 275 existimavit,
687 207 741 261 iter
755 206 790 260 ab
808 207 910 261 llelve-

58 283 105 336 tiis
129 281 232 336 avertit
255 297 288 336 ac
316 280 445 335 bibracte
474 281 515 335 ire
539 282 688 336 contendit
729 283 770 336 Ea
792 299 837 336 res
860 299 911 351 per

59 357 188 425 fugitivos
201 357 231 412 Ia
245 357 365 424 Aemilii,
379 357 534 411 decurionis
550 358 674 426 equitum
691 359 838 426 Gallorum,
851 358 912 412 hos-

15 490 19 495 ,
59 433 134 487 tibus
150 434 301 488 nuntiatur.
337 433 467 498 Helvetii,
479 433 619 502 seuquod
634 434 734 487 timore
750 434 911 501 perterritos

60 509 197 563 Romanos
215 509 358 563 discedere
378 527 395 563 a
413 526 443 563 se
461 509 660 578 existimarent,
679 527 711 564 eo
730 511 816 578 magis
836 511 911 578 quod

57 583 148 653 pridie
168 585 353 654 superioribus
372 585 439 639 locis
459 586 598 656 occupatis
614 587 746 654 proelium
767 595 820 640 non
840 603 911 641 eom-

60 660 205 728 misissent,
218 661 275 715 sive
287 678 320 716 eo
336 662 411 730 quod
425 678 456 715 re
471 661 652 715 frumentaria
667 662 813 716 intercludi
829 679 910 731 posse

57 735 235 803 confiderent,
252 741 419 794 commutato
439 737 550 791 consilio
566 740 651 805 atque
667 738 766 791 itincre
781 755 909 792 converso

57 817 166 864 nostros
180 829 197 865 a
211 813 357 866 novissimo
374 813 481 882 agmine
497 812 604 881 insequi
621 828 653 865 ac
669 814 802 868 lacessere
816 831 910 884 coepe

59 892 132 944 runt.
723 931 727 938 .

111 970 152 1018 24.
189 965 337 1034 Postquam
367 965 397 1019 id
426 966 546 1019 animum
576 966 704 1034 advertit,
731 968 822 1035 copias
847 984 910 1022 suas

58 1041 160 1096 Caesar
171 1041 199 1094 in
211 1042 366 1109 proximum
378 1040 475 1095 collem
487 1041 624 1110 subducit,
637 1043 847 1111 equitatumque
862 1044 909 1111 qui

58 1117 207 1171 sustineret
233 1117 353 1171 hostium
377 1117 510 1186 impetum
534 1118 618 1174 misit.
656 1119 721 1189 lpse
745 1120 856 1173 interim
881 1121 909 1173 in

57 1192 125 1246 colle
141 1192 231 1246 medio
247 1193 384 1262 triplicem
398 1193 484 1247 aciem
496 1193 627 1249 instruxit
639 1195 777 1263 legionum
791 1201 912 1264 quatuor,

58 1273 256 1336 veteranorum,
280 1270 320 1324 ita
342 1271 384 1324 uti
408 1287 491 1339 supra
515 1267 545 1325 se
567 1271 596 1324 in
620 1289 725 1327 sunrmo
747 1272 816 1339 jugo
840 1272 909 1326 diras

57 1344 177 1414 legiones
196 1364 264 1416 quas
281 1347 310 1400 in
322 1347 411 1411 Gallie
429 1347 556 1402 citeriore
573 1348 697 1417 proxime
712 1348 909 1416 conscripserat

57 1426 86 1476 et
98 1423 189 1477 omnia
200 1423 302 1478 auxilia
313 1424 466 1490 collocaret,
475 1440 507 1477 ac
518 1427 608 1477 totum
621 1428 742 1477 montem
754 1423 909 1478 bominibus

56 1500 224 1569 eonrpleret;
242 1501 347 1573 interea
361 1499 480 1554 sarcinas
498 1499 526 1552 in
543 1516 626 1552 unum
645 1499 734 1553 locum
751 1499 867 1552 conferri
879 1503 908 1554 et

57 1591 120 1629 eum
141 1575 177 1630 ab
196 1576 239 1629 his
259 1577 306 1645 qni
325 1577 353 1629 in
373 1576 513 1643 superiore
532 1576 591 1628 acie
609 1576 789 1630 constiterant
808 1577 908 1629 muniri

51 1649 144 1717 jussit.
181 1652 303 1706 Helvetii
316 1668 378 1705 cum
391 1651 516 1705 omnibus
528 1651 584 1704 suis
596 1651 682 1720 carris
695 1652 782 1705 secuti
793 1652 909 1720 impedi-

56 1731 150 1782 menta
170 1728 303 1784 inunum
323 1728 411 1780 locum
432 1727 621 1790 coutulerunt;
640 1726 691 1794 ipsi
711 1729 909 1782 confertissima

56 1802 115 1856 acie
127 1803 232 1870 rejecto
245 1807 338 1856 nostro
350 1803 476 1871 equitatu
488 1802 622 1870 phalange
634 1802 707 1855 facta
725 1801 777 1854 sub
791 1804 908 1870 primam

56 1883 177 1939 nostram
189 1879 275 1933 aciem
288 1881 483 1935 successerunt.

109 1961 149 2008 25.
186 1955 286 2008 Caesar
307 1954 426 2024 primum
448 1969 504 2019 suo,
526 1952 627 2007 deinde
648 1954 769 2007 orrurium
794 1971 827 2008 ex
849 1971 909 2007 con-

56 2036 152 2100 spectu
182 2031 296 2085 remotis
326 2029 411 2098 equis,
436 2033 468 2082 ut
495 2033 614 2098 aequato
643 2031 761 2083 omnium
788 2031 908 2101 periculo

56 2124 133 2175 spem
145 2108 226 2175 fugae
239 2106 357 2174 tolleret,
370 2105 528 2160 cohortatus
541 2103 603 2159 suos
616 2105 749 2174 proelium
766 2106 907 2161 commisit.

56 2183 162 2237 Milites
175 2200 190 2236 e
202 2183 261 2236 loco
276 2182 416 2251 superiore
430 2181 493 2250 pilis
507 2181 597 2234 missis
613 2180 693 2235 facile
709 2181 828 2235 hostium
842 2182 908 2252 plra-

55 2259 164 2327 langem
184 2259 383 2327 perfregerrmt.
422 2259 461 2313 Ea
479 2257 596 2326 disjecta
614 2257 712 2326 gladiis
729 2258 868 2312 destrictis
881 2260 907 2314 iu

56 2354 102 2392 eos
121 2336 254 2404 impetum
275 2335 406 2389 iecerunt.
444 2333 529 2388 Gallis
545 2351 644 2402 magno
660 2334 697 2387 ad
712 2351 833 2403 pugnam
848 2339 908 2390 erat

55 2411 250 2481 impedimento
268 2410 343 2479 quod
358 2409 481 2478 pluribus
498 2426 592 2464 eorum
612 2411 695 2464 scutis
706 2427 761 2464 une
772 2410 829 2464 ictu
841 2412 908 2479 pile

61 2505 115 2540 rum
132 2486 270 2541 transfixis
286 2489 316 2540 ot
330 2487 471 2553 colligatis,
486 2503 571 2556 quum
586 2487 689 2540 ferrum
706 2503 736 2540 se
748 2486 907 2554 inflexisset,

66 2580 144 2632 reque
163 2564 282 2618 evellere
299 2580 389 2632 neque
408 2563 520 2617 sinistra
536 2562 669 2632 impedita
684 2562 751 2616 satis
767 2563 907 2616 commode

75 2655 177 2707 ugnare
188 2643 322 2708 poterant,
332 2639 412 2693 multi
424 2642 456 2693 nt
464 2638 512 2692 diu
520 2637 626 2706 jactato
640 2637 750 2692 brachio
763 2643 907 2708 praeopta-

76 2719 117 2769 rnt
136 2719 247 2770 scutum·
262 2733 345 2770 nranu
364 2716 493 2770 emittere
512 2719 542 2770 et
557 2713 631 2768 nudo
647 2730 761 2781 corpere
775 2729 906 2782 pugnare.

82 2790 177 2847 andem
196 2792 355 2847 vulneribus
375 2792 476 2848 defessi
496 2794 525 2846 et
535 2790 643 2860 -pedem
659 2790 771 2856 referre,
787 2793 816 2844 et
832 2790 907 2857 quod

87 2884 132 2921 ens
156 2868 267 2923 suberat
292 2870 401 2923 circiter
425 2868 500 2923 mille
524 2882 653 2938 passuum
677 2882 710 2920 eo
733 2882 764 2920 se
784 2866 907 2936 recipere

92 2949 212 3014 eperunt.
248 2946 336 3014 Capto
352 2949 446 2999 monte
462 2949 491 2999 et
503 2941 712 2999 succedentibus
723 2942 832 3012 nostris,
845 2942 906 2997 Boii

110 3021 227 3090 Tulingi,
246 3022 293 3091 qui
317 3021 457 3076 hominum
480 3020 590 3074 milibus
614 3019 723 3074 circiter
746 3034 785 3074 xv
807 3035 907 3089 agmen

102 3099 176 3153 *tium
195 3097 361 3152 claudebant
382 3100 412 3153 et
432 3097 585 3152 novissimis
605 3095 742 3166 praesidio
765 3099 852 3164 mant,
871 3112 906 3150 ex

109 3189 155 3228 ere
172 3177 280 3229 nostros
296 3174 384 3229 latere
400 3175 497 3244 aperto
512 3172 635 3242 adgressi
653 3172 863 3240 circumvenere,
876 3175 907 3228 et
