2018 3396
81 113 113 162 72
336 111 364 160 Ο.
382 111 485 161 JULII
501 111 674 161 CAESARIS
703 146 706 151 -

80 192 217 260 dispersos
237 190 368 259 depositis
386 193 468 246 armis
484 193 513 245 in
531 193 660 248 metendo
677 197 823 263 occupatos
841 196 932 249 subito

80 268 170 321 adorti
184 268 277 336 paucis
292 268 444 323 interfectis
460 269 580 336 reliquos
591 271 703 323 incertis
716 271 857 324 ordinibus
870 289 932 339 per-

80 349 677 416 trubaverant,simulequitatuatqueessedis
685 349 931 407 circumdederant.

39 417 61 441 *
131 432 172 480 33.
209 426 303 479 Genus
321 425 371 478 boe
390 427 434 477 est
453 441 487 478 ex
509 424 612 477 essedis
631 442 751 493 pugnae:
770 427 858 495 primo
882 445 933 496 per

80 519 173 557 omues
190 505 284 571 partes
297 501 472 569 perequitant
487 504 516 554 et
533 501 590 554 tela
607 501 753 570 conjiciunt
770 506 855 571 atque
872 504 932 572 ipso

73 584 186 633 terrore
198 594 329 647 equorum
341 579 370 630 et
382 576 500 645 strepitu
511 581 633 630 rotarum
646 577 755 631 ordines
770 579 932 649 plerumque

79 655 250 724 perturbant,
263 657 291 707 et
304 670 387 721 quum
400 669 429 706 se
441 652 513 706 iuter
525 654 651 720 equitum
663 658 769 708 turmas
783 656 933 710 insinuave-

79 736 151 798 runt,
164 749 198 785 ex
211 729 315 783 essedis
327 729 456 782 desiliunt
468 733 497 783 et
509 729 625 797 pedibus
638 731 814 799 proeliantur.
850 733 933 785 Auri-

79 827 130 875 gae
153 809 263 862 iuterim
286 806 418 875 paulatim
442 822 476 858 ex
499 807 602 873 proelio
626 806 763 860 excedunt
787 811 870 876 atque
893 810 933 862 ita

79 903 175 938 currus
184 885 323 957 collocant,
333 887 365 936 ut
374 883 396 934 si
409 882 447 934 illi
460 899 476 934 a
487 881 663 935 multitudine
676 881 796 936 hostium
807 900 933 951 preman-

79 965 126 1015 tur
140 960 298 1029 expeditum
312 959 349 1012 ad
364 975 427 1011 suos
442 962 583 1024 receptum
601 958 727 1013 habeant.
765 959 810 1013 Ita
828 960 932 1014 mobili-

79 1042 166 1090 tatem
175 1036 305 1104 equitum,
314 1033 930 1105 stabilitatempedituminprocliispracstaut,

79 1126 110 1167 at
123 1116 229 1171 tautum
241 1129 292 1165 usu
305 1110 465 1181 quotidiano
477 1114 506 1164 ct
518 1112 715 1165 exercitatione
727 1113 846 1166 efficiunt
854 1115 895 1166 uti
904 1115 931 1167 in
992 1174 995 1180 ,

79 1190 177 1243 declivi
188 1206 220 1244 ae
228 1186 372 1258 praecipiti
379 1186 436 1240 loeo
445 1189 570 1242 incitatos
578 1205 662 1256 equos
672 1189 806 1243 sustinere
816 1193 845 1243 et
854 1189 931 1243 brevi

79 1266 215 1320 moderari
222 1282 254 1320 ae
263 1266 373 1320 flectere
382 1269 411 1318 et
419 1282 469 1334 per
478 1270 614 1318 temonem
625 1281 782 1333 percurrere
792 1266 854 1319 etin
862 1266 931 1334 jugo

9 1408 13 1417 Ι
39 1341 45 1352 ’
78 1343 204 1397 insistere
216 1347 245 1397 et
253 1341 354 1396 seinde
363 1343 390 1395 in
400 1341 632 1396 curruseitissime
640 1342 930 1410 recipereeonsuerint

5 1430 8 1437 “
131 1425 173 1473 34.
208 1418 312 1484 Quibus
331 1417 414 1472 rebus
430 1417 599 1486 perturbatis
613 1418 714 1472 nostris
729 1420 850 1472 sturitate
864 1435 931 1487 pug-

77 1510 129 1550 nae
152 1498 276 1564 tempore
304 1494 531 1562 opportunissimo
560 1495 661 1549 Caesar
691 1495 819 1548 auxilium
850 1494 931 1558 tulit;

78 1588 194 1638 uanique
212 1571 271 1639 ejus
290 1571 410 1623 adventu
427 1569 519 1623 bostes
537 1571 727 1634 constiterunt,
744 1570 830 1624 nostri
849 1587 878 1622 se
897 1588 929 1623 cx

78 1647 176 1700 timore
200 1648 368 1713 receperunt.
405 1645 464 1708 Quo
488 1646 560 1699 facto
581 1645 617 1698 ad
634 1645 819 1698 lacessendum
843 1655 871 1699 et
895 1646 929 1699 ad

77 1721 302 1776 committendum
316 1719 447 1788 proelium
460 1720 577 1773 alienum
589 1737 648 1774 esse
661 1725 768 1788 tempus
779 1721 931 1774 arbitratus

77 1815 125 1851 suo
140 1814 169 1851 se
184 1798 241 1852 loco
262 1797 402 1863 continuit,
422 1801 451 1851 et
472 1796 548 1850 brevi
569 1800 694 1865 temporo
720 1797 872 1850 intermisso
903 1799 945 1851 in·

77 1878 168 1927 eastra
183 1866 304 1940 legiones
328 1873 447 1927 reduxit.
483 1871 557 1925 Dum
580 1872 648 1925 haec
670 1880 812 1940 geruntur,
830 1875 931 1927 nostris

77 1949 201 2002 omnibus
226 1949 363 2016 occupatis
388 1949 435 2016 qui
460 1952 538 2001 erant
559 1948 588 2000 in
610 1949 684 2016 agris
708 1948 806 2015 reliqui
832 1949 931 2003 disces-

78 2029 180 2079 serunt.
217 2026 332 2079 Secutae
356 2027 420 2077 sunt
442 2024 584 2077 continuos
608 2024 760 2092 complures
784 2025 842 2078 dies
861 2032 931 2078 tern-

77 2104 198 2170 pestates
230 2117 300 2169 quae
332 2104 360 2153 et
385 2103 493 2154 nostros
524 2100 550 2153 in
576 2100 673 2154 castris
704 2101 874 2154 continerent
902 2106 932 2155 ct

77 2177 183 2231 hostem
200 2193 216 2229 a
232 2193 324 2244 pugna
341 2173 525 2243 prohiberent.
564 2176 678 2229 Interim
696 2176 805 2229 barbari
822 2179 931 2230 nuntios

31 2260 34 2271 ’
77 2255 105 2306 in
129 2269 221 2307 ouanes
244 2256 336 2321 partes
358 2251 520 2307 dimiserunt
537 2253 759 2322 paucitatemque
775 2258 929 2306 nostrornm

77 2330 194 2382 militum
211 2329 267 2382 suis
284 2327 520 2397 praedicaverunt,
533 2332 563 2382 et
579 2336 680 2396 quauta
697 2329 816 2398 praedae
834 2330 931 2382 ticieu-

78 2406 129 2459 dae
141 2409 223 2474 atque
238 2405 266 2458 in
284 2409 447 2473 perpetuum
465 2407 506 2460 sui
526 2405 791 2464 liberandifacultas
809 2405 930 2471 daretur,

77 2484 100 2536 si
120 2484 255 2536 Romanos
271 2483 367 2535 eastris
384 2484 559 2552 expulissent,
578 2483 842 2536 demonstraverunt.
881 2483 931 2536 llis

76 2560 158 2614 rebus
171 2561 296 2614 celeriter
312 2577 410 2629 magna
426 2560 603 2615 multitudine
622 2559 764 2627 peditatus
779 2558 931 2626 equitatus·

76 2653 130 2706 que
142 2640 235 2690 coacta
246 2638 281 2692 ad
295 2643 384 2693 castra
396 2642 537 2693 venenant.

121 2719 168 2767 35.
205 2715 306 2769 Caesar
319 2716 371 2770 etsi
382 2715 456 2770 idem
469 2714 542 2784 quod
556 2711 741 2782 superioribus
753 2711 851 2765 diebus
863 2711 931 2764 aeci-

76 2792 156 2845 derat
171 2792 230 2846 fore
246 2793 365 2858 videbat,
382 2795 414 2846 ut
433 2792 456 2845 si
473 2794 566 2845 esseut
581 2789 674 2842 hostes
693 2789 772 2857 pulsi,
789 2787 931 2840 eeleritate

76 2871 225 2939 perieulum
238 2872 396 2941 effugerent,
409 2873 502 2924 tamen
514 2870 611 2920 nactus
623 2866 731 2934 equites
743 2865 851 2918 circiter
866 2878 930 2926 xxx,

76 2964 144 3014 quos
157 2948 295 3001 Commius
308 2947 436 3013 Atrebas,
450 2945 485 2998 de
503 2945 557 3013 quo
573 2945 638 2995 ante
656 2942 759 3013 dietum
777 2945 827 3005 est,
840 2955 931 3001 semim

76 3027 316 3092 transportaverat,
334 3023 455 3091 legiones
472 3021 500 3074 in
519 3019 576 3073 acie
593 3035 644 3087 pro
667 3017 765 3072 eastris
782 3015 882 3068 constit
903 3015 931 3070 't.

77 3101 228 3153 Commisso
245 3099 349 3167 proelio
368 3098 473 3151 diutius
490 3101 646 3151 nostrorum
664 3093 782 3147 militum
798 3091 930 3159 impetum

64 3173 164 3226 hostes
179 3175 255 3228 ferre
272 3189 326 3228 nou
342 3177 549 3246 potueruntne
569 3169 650 3240 tc'rga
671 3170 821 3224 verterunt
856 3164 932 3239 Quos
