2018 3396
420 147 532 196 urana
549 149 613 196 vrr.
906 155 954 205 157

22 280 24 284 ,
99 225 123 280 si
146 227 248 280 nullam
272 231 466 296 praeterquam
489 229 563 283 vitae
589 232 700 284 nestrae
724 229 864 299 jacturam
894 233 954 288 ficri

97 302 236 370 viderem3
262 303 312 357 sed
335 305 364 357 in
393 304 507 358 consilio
536 305 668 374 capiendo
696 323 806 360 omnem
836 308 954 364 Galliam

97 379 275 448 respiciamus
294 396 377 451 quam
398 381 436 434 ad
452 383 578 434 nestrum
595 382 726 436 auxilium
749 383 953 440 concitavimus.

98 455 172 521 Quid
188 456 329 510 hominum
346 457 459 512 milibus
477 473 553 512 nxxx
569 473 624 511 une
641 457 701 512 loce
718 459 872 514 interiectis
888 477 953 529 pre-

95 532 208 602 pinquis
221 533 484 603 consanguineisque
496 534 598 588 nestris
610 535 692 588 animi
705 535 763 589 lere
780 536 952 604 existimatis,

96 609 120 662 si
132 625 219 677 paene
230 609 259 663 iu
270 609 338 679 ipsis
349 609 528 664 cadaveribus
536 611 641 680 proelio
649 611 792 665 decertare
799 617 934 680 cogentur
942 614 951 668 l

96 684 191 740 Nolite
202 685 252 739 hes
263 690 357 740 vestro
369 687 471 740 auxilie
483 687 644 756 exspoliare,
661 689 708 757 qui
726 691 835 742 vestrae
853 689 951 743 salutis

95 777 177 815 causa
201 778 280 815 suum
302 763 452 832 periodum
475 763 665 831 neglexerunt,
690 781 741 818 nec
770 765 889 818 stultitia
917 782 950 820 ac

95 838 254 892 temeritate
266 843 359 892 vestra
366 844 414 893 aut
423 839 612 893 imbecillitate
622 839 705 894 animi
714 857 820 894 omnem
832 841 949 896 Galliam

95 917 270 981 prosternere
283 919 312 968 et
324 920 475 985 perpetuac
486 915 614 971 servituti
628 916 764 970 addicere.
803 917 855 984 An,
873 917 950 985 quod

94 989 131 1042 ad
155 990 229 1044 diem
252 1008 306 1045 nen
331 991 474 1058 venerunt,
493 992 529 1046 de
548 1009 643 1047 eorum
663 992 719 1045 fide
737 993 949 1062 constantiaque

94 1065 246 1121 dubitatisl
283 1067 356 1133 Quid
380 1084 448 1135 crgo
472 1067 609 1122 Romanos
632 1069 660 1121 in
689 1067 743 1121 illis
771 1068 949 1122 ulterioribus

94 1141 299 1211 munitionibus,
312 1144 430 1198 animine
442 1160 524 1197 causa
542 1143 666 1213 quetidie
684 1144 805 1198 exerceri
823 1145 947 1211 putatisl

94 1218 123 1272 Si
142 1219 251 1273 illerum
270 1220 375 1273 nunciis
396 1220 550 1273 confirmari
569 1235 623 1272 nen
640 1220 759 1288 potestis
776 1220 850 1273 omni
867 1219 947 1274 aditu

92 1298 248 1364 praesepto,
271 1296 313 1350 his
337 1296 445 1350 utimini
464 1295 584 1349 testibus
608 1295 826 1365 appropinquare
850 1312 945 1350 eorum

92 1372 250 1439 adveutum,
262 1373 340 1442 cujus
352 1373 393 1426 rei
405 1373 503 1426 timere
516 1372 643 1426 exterriti
656 1371 730 1424 diem
742 1375 906 1440 noctemque
916 1372 945 1426 in

91 1466 177 1518 opere
188 1455 339 1522 versantur.
376 1449 448 1514 Quid
467 1465 533 1517 crgo
550 1449 604 1502 mei
622 1448 724 1502 consilii
744 1449 804 1502 estl
841 1448 945 1503 Facere

92 1525 166 1592 quod
179 1527 265 1580 nostri
278 1525 397 1594 majores
411 1541 583 1594 nequaquam
600 1525 661 1594 pari
677 1523 750 1577 belle
769 1523 946 1579 Cimbrorum·

91 1602 300 1672 Teutonumque
312 1603 443 1668 fecerunt,
456 1601 541 1670 quiin
554 1601 656 1671 oppida
667 1599 798 1668 compulsi
812 1617 844 1653 ac
861 1599 942 1654 simili

91 1679 182 1748 inopia
194 1678 299 1732 subacti
313 1695 406 1733 cerum
418 1676 585 1745 corporibus,
603 1677 650 1744 qui
668 1679 760 1728 aetate
778 1674 888 1729 inutiles
904 1676 941 1729 ad

52 1772 54 1777 ·
91 1754 192 1808 bellum
203 1755 375 1820 videbantur,
387 1755 470 1807 vitam
480 1754 674 1818 toleraverunt,
683 1769 771 1819 neque
780 1768 808 1804 sc
817 1750 941 1804 hostibus

90 1830 274 1884 tradiderunt.
311 1830 396 1898 Cujus
416 1830 456 1883 rei
474 1828 497 1882 si
516 1829 671 1898 exemplum
695 1844 748 1881 nen
771 1826 940 1897 haberemus,

90 1912 181 1960 tamea
195 1907 331 1961 libertatis
341 1922 423 1960 causa
435 1905 542 1958 institui
554 1908 583 1958 et
595 1905 712 1973 posteris
724 1903 803 1972 predi
816 1903 939 1972 pulcher·

89 1984 189 2036 rimam
208 1981 370 2051 judicarem.
407 1982 478 2034 Nam
501 1981 569 2050 quid
592 1981 631 2033 illi
656 1979 743 2032 simile
767 1979 840 2034 bello
868 1980 939 2035 luitl

90 2059 262 2128 Depopulata
286 2058 375 2114 Gallia
393 2056 497 2113 Cimbri
515 2073 667 2126 magnaque
684 2056 760 2110 illata
783 2056 939 2111 calamitate

88 2135 188 2188 finibus
200 2135 310 2204 quidem
322 2134 424 2189 nostris
435 2132 582 2202 aliquando
594 2137 770 2187 excesserunt
779 2136 863 2201 atque
872 2134 938 2187 alias

22 2273 24 2277 ἲ
88 2214 178 2265 terras
197 2211 352 2280 petierunt3
369 2209 443 2279 jura,
467 2209 550 2277 lagae,
572 2224 661 2278 egres,
682 2209 841 2263 libertatem
860 2209 937 2264 nob's

88 2287 272 2356 reliquerunt:
293 2285 409 2341 ltemani
427 2284 577 2353 veroquid
595 2288 694 2353 petunt
711 2284 786 2338 aliud
804 2289 853 2339 aut
871 2285 937 2354 quid

87 2363 190 2431 volunt,
208 2363 260 2416 nisi
281 2363 384 2416 invidia
404 2361 526 2427 adducti,
543 2377 612 2429 quos
629 2362 702 2414 fama
718 2360 825 2414 nobiles
842 2366 938 2430 peten-

86 2442 185 2507 tesque
197 2438 270 2493 bello
283 2440 474 2506 cognoverunt,
485 2435 583 2488 horum
595 2436 624 2488 in
635 2437 708 2504 agris
726 2435 937 2505 civitatibusque

87 2515 227 2569 ecrrrsldere
250 2519 335 2582 atque
358 2512 400 2566 his
422 2515 562 2565 aeternam
585 2510 730 2579 injungere
758 2512 937 2568 servituteml

87 2591 110 2642 N
115 2606 184 2658 cquc
205 2591 277 2643 enim
296 2604 426 2657 umquam
446 2586 501 2639 alia
519 2585 674 2640 conditione
693 2586 766 2640 bella
783 2591 936 2654 gesserunt

87 2665 168 2730 Quod
191 2667 214 2719 si
235 2682 270 2720 ea
292 2664 410 2733 quaein
433 2661 588 2730 longinquis
617 2662 773 2716 nationibus
803 2667 937 2730 geruntur

86 2738 224 2809 ignoratis,
248 2740 376 2809 respicite
404 2739 548 2793 finitimam
573 2736 697 2806 Gallam,
720 2754 790 2807 quac
816 2738 843 2790 iu
873 2755 937 2808 pro-

84 2817 201 2871 vinciam
213 2817 333 2882 redacta,
343 2815 408 2884 jure
427 2820 455 2869 ct
472 2814 578 2882 legibus
595 2815 777 2882 cornmutatis,
795 2815 936 2869 securibus

85 2892 216 2962 subjecta,
228 2897 362 2964 perpetua
374 2892 508 2961 promitur
520 2889 660 2945 servitute.

137 2975 177 3028 78.
207 2970 358 3025 Sententiis
367 2969 449 3023 dictis
457 2965 956 3036 constituuntutlillquiam'xuxxdmu

83 3050 132 3101 aut
148 3051 240 3102 aetate
258 3046 371 3102 inutiles
393 3049 460 3102 sunt
480 3043 559 3100 bello
578 3042 687 3113 oppido
706 3037 956 3096 eucemaaa,axep

72 3125 164 3177 omnia
174 3126 254 3194 prius
268 3127 455 3199 experiantur
469 3142 563 3199 quam
572 3123 614 3178 ad
621 3099 960 3184 Critaguatxoosoenqs

59 3203 249 3317 mitgntiam:
266 3205 316 3262 ’.ΠΟ
338 3211 444 3266 tamen
461 3207 572 3280 potius
589 3195 753 3257 utendum
769 3177 918 3240 meduno„
930 3181 967 3218 m
983 3183 996 3203 ι
