2018 3396
426 142 535 190 arnan
556 142 604 192 iv.
901 151 931 204 67

90 223 254 279 Veneticum
278 223 378 278 bellurn
397 223 524 278 effecerat
548 223 662 279 classem
682 223 765 293 jubet
786 224 935 279 convenire.

91 300 208 354 Interim
220 300 331 354 consilio
343 300 403 368 ojus
415 300 525 369 cognito
541 304 569 354 et
584 318 634 369 per
649 304 814 355 mercatores
829 301 936 370 perlato

90 378 127 430 ad
139 378 291 443 Britannos,
304 394 321 429 a
333 376 515 446 compluribus
527 377 633 431 insulae
649 377 807 431 civitatibus
823 376 859 430 ad
874 393 937 430 curn

90 452 174 520 legati
185 453 297 505 veniunt
310 453 356 519 qui
367 452 546 521 polliceantur
556 452 666 506 obsides
679 452 746 505 dare
759 455 843 520 atquc
853 453 938 522 impe·

90 529 131 581 rio
149 529 242 597 populi
262 528 377 581 Romani
390 527 585 598 obtemperare.
630 527 735 592 Quibus
752 528 854 581 auditis
871 528 939 582 libe·
968 528 995 599 >(

90 604 185 657 ralitcr
196 603 333 672 pollicitus
345 604 525 672 hortatusque
540 607 573 657 ut
585 603 614 656 in
633 620 667 657 ea
685 604 821 657 sententia
836 621 940 672 perma-

90 684 188 733 ncrcnt
203 697 249 733 eos
261 680 370 732 domum
388 680 513 747 remittit,
528 683 557 733 ct
574 696 637 732 cum
654 679 688 732 iis
707 696 762 732 una
781 680 939 747 Commium,

43 793 47 803 .
91 774 172 824 quem
185 756 243 824 ipse
257 755 438 810 Atrebatibus
448 756 582 824 superatis
597 772 691 824 regem
702 756 741 809 ibi
753 756 939 823 constituerat,

91 833 169 899 cujus
187 836 216 885 ct
237 834 366 905 virtutem
387 836 416 886 ct
434 832 575 886 consilium
596 831 731 901 probabat
750 835 779 885 et
793 848 874 901 quem
889 832 941 895 sibi

91 908 200 962 fidclcm
226 926 286 962 esse
311 909 505 975 arbitrabatur,
524 909 658 977 cujusquo
681 909 827 962 arroteritae
848 909 877 961 in
898 907 941 961 his

91 985 245 1051 regionibus
257 985 349 1052 magni
361 984 625 1053 habebatur,mittit.
663 983 736 1036 Huic
747 983 864 1051 imperat
873 1001 941 1053 quas

91 1060 176 1127 possit
195 1060 277 1113 adeat
300 1060 424 1114 civitates
448 1061 630 1128 horteturque
653 1062 686 1113 ut
708 1060 800 1129 populi
826 1061 941 1114 Romani
981 1048 989 1067 ⁹

92 1135 174 1188 fidem
188 1139 344 1204 sequantur,
363 1153 447 1204 seque
465 1136 592 1190 celeriter
610 1152 642 1189 eo
660 1141 805 1189 venturum
823 1137 939 1192 nuntiet.

92 1212 246 1264 Volusenus
269 1212 420 1279 perspectis
445 1211 601 1279 regionibus
619 1211 744 1264 omnibus
763 1215 895 1280 quantum
913 1212 939 1266 ci

92 1288 205 1340 facultas
218 1288 277 1340 dari
290 1289 387 1355 potuit,
401 1288 449 1355 qui
461 1288 521 1340 navi
533 1286 629 1354 egredi
644 1303 676 1339 ae
691 1303 721 1339 se
736 1286 861 1340 barbaris
870 1304 941 1340 corn-

92 1365 202 1416 mittcre
214 1381 268 1415 non
280 1362 402 1429 auderet,
415 1363 512 1431 quinto
525 1362 619 1415 dicad
633 1362 777 1415 Caesarem
793 1363 942 1416 revertitur

94 1455 219 1506 quaeque
231 1437 268 1490 ibi
281 1437 464 1507 perspexisset
479 1438 625 1492 renuntiat.

144 1520 185 1567 22.
223 1514 295 1566 llum
314 1515 341 1567 in
365 1514 408 1567 his
428 1514 492 1568 locis
513 1515 614 1568 Oacsar
632 1513 741 1567 navium
761 1514 944 1582 parandarum

92 1607 173 1643 causa
186 1588 363 1656 moratoncx
378 1585 476 1657 magna
491 1595 571 1658 parto
588 1590 758 1644 Morinorum
774 1590 811 1643 ad
827 1606 889 1644 eum
905 1591 944 1645 le·

92 1666 149 1733 gati
159 1670 300 1733 venerunt,
312 1666 360 1734 qui
377 1683 406 1720 sc
423 1667 458 1719 dc
475 1666 622 1734 superioris
633 1665 765 1734 temporis
777 1666 886 1719 consilio
898 1685 943 1721 cx-

92 1746 225 1808 cusarcnt,
239 1744 313 1811 quod
324 1743 446 1796 homines
453 1742 564 1796 barbari
576 1746 605 1796 et
614 1746 724 1802 nostrae
738 1742 942 1796 consuetudinis

92 1818 213 1886 imperiti
222 1818 323 1873 bellum
338 1819 437 1887 populo
455 1818 577 1871 Romano
585 1818 720 1885 fecissent,
733 1834 817 1886 seque
830 1835 944 1888 eaquae

92 1894 253 1963 imperasset
261 1895 381 1948 facturos
388 1895 589 1963 pollicerentur.
621 1894 682 1948 Hoc
697 1893 749 1947 sibi
765 1894 866 1948 Caesar
878 1896 944 1950 satis
987 1906 1004 1927 '²

92 1975 243 2039 opportuno
256 1971 386 2025 accidisse
402 1970 559 2040 arbitratus,
571 1970 646 2040 quod
657 1987 747 2039 ncquc
759 1974 823 2039 post
835 1974 944 2039 tergum

92 2047 198 2099 hostem
216 2048 371 2114 relinquero
388 2048 498 2101 volebat
513 2065 602 2116 nequo
619 2047 686 2101 tolli
705 2047 819 2115 gerendi
831 2051 945 2116 propter

92 2123 155 2174 anni
172 2126 281 2191 tempus
299 2123 457 2178 facultatem
474 2123 595 2178 habebat
608 2140 697 2193 neque
713 2123 762 2176 has
776 2123 945 2177 tantularum

92 2215 184 2251 rerum
196 2200 386 2268 occupationes
399 2200 559 2254 Britanniae
576 2199 781 2268 anteponendas
794 2198 944 2268 judicabat,

92 2290 221 2341 magnum
229 2276 264 2328 iis
271 2292 414 2330 numerum
423 2275 550 2329 obsidum
559 2276 683 2344 imperat.
704 2276 809 2340 Quibus
818 2275 946 2329 adductis

92 2367 139 2402 cos
151 2351 178 2402 in
190 2350 272 2418 fidem
286 2352 396 2420 recepit.
425 2351 547 2406 Naribus
556 2351 665 2405 circiter
675 2367 749 2405 cxxx
759 2351 891 2405 onerariis
903 2368 946 2404 co-

92 2426 161 2480 actis
173 2427 383 2495 contractisque,
395 2427 469 2497 quod
482 2428 548 2482 satis
562 2444 622 2481 csse
634 2427 670 2481 ad
683 2427 750 2480 duas
759 2429 945 2496 transportan-

92 2502 142 2554 das
153 2502 273 2570 legiones
285 2504 468 2571 existimabat,
482 2504 556 2572 quod
568 2506 712 2572 praeterea
728 2503 836 2558 navium
855 2502 946 2571 longa-

92 2595 153 2631 rum
173 2577 291 2632 habebat
308 2579 454 2648 quaestori,
469 2579 568 2646 legatis
582 2578 781 2647 praefectisque
796 2577 945 2634 distribuit.

93 2653 157 2707 lluc
173 2653 339 2708 accedebant
355 2670 427 2710 naun
442 2655 583 2708 onerariae
599 2670 688 2722 naves,
705 2670 775 2723 quac
790 2670 824 2707 cx
843 2670 876 2706 eo
887 2653 945 2708 loco

92 2728 128 2782 ab
136 2729 246 2782 milibus
256 2747 384 2798 passuum
395 2733 456 2783 octo
473 2733 556 2783 vento
573 2728 739 2782 tenebantur
750 2745 805 2797 quo
817 2729 906 2782 minus
918 2731 946 2783 in

93 2804 210 2858 cundcui
225 2810 335 2873 portum
346 2807 437 2859 venire
447 2809 573 2874 possent:
586 2805 634 2858 has
644 2804 782 2873 equitibus
793 2804 944 2863 distribuit.

94 2880 240 2948 Reliquum
250 2883 401 2935 exercitum
412 2884 442 2946 Q.
452 2882 556 2934 Titurio
569 2881 668 2934 Sabino
683 2884 713 2932 ct
723 2880 756 2932 L.
767 2881 961 2931 aususausus

94 2957 192 3010 Cottae
216 2956 313 3026 legatis
334 2957 362 3012 in
383 2958 532 3028 Menapios
547 2956 687 3025 atquem
699 2940 989 3015 aosqaqssnnsnxxx-

801 3003 1007 3076 zqauaenxwss

87 3049 121 3084 ΟΥ
122 3049 173 3101 ¹1⁰²,
188 3033 224 3088 ab
237 3034 341 3106 quibus
354 3037 392 3093 ad
405 3055 474 3094 cuur
483 3034 583 3106 legati
591 3049 656 3087 non
668 3037 807 3082 sensennax

78 3107 180 3178 (Ῑθάῑῖἱ
199 3113 229 3168 Ρ.
252 3114 418 3187 Sulpicium
438 3118 558 3174 Rufum
567 3111 714 3180 leuatum
730 3112 806 3152 em

68 3186 150 3253 quod
163 3191 245 3250 'satis
263 3213 333 3254 esse
352 3196 587 3262 arbitrabatur,
602 3185 741 3258 portum
747 3170 869 3225 *mm

818 3100 858 3136 m
870 3058 1007 3144 xqffiefssx&

874 3136 992 3213 ”wama
