2018 3396
81 122 128 171 ite
354 124 382 164 ι’.
401 113 419 164 J
423 113 504 164 ULII
521 114 696 164 CAESARIS

134 207 173 260 76.
211 199 302 268 liujus
321 214 405 266 opera
421 196 544 264 Connnii,
559 197 599 250 ita
618 201 649 250 nt
664 199 746 250 antea
764 195 936 253 demonstra·

66 279 177 344 rimus,
189 277 264 330 fideli
280 280 365 342 atque
380 273 442 327 utili
458 272 643 341 superioribus
657 272 735 326 annis
750 277 811 327 erat
826 290 893 330 usus
907 277 935 331 in

82 355 226 417 Britannia
240 352 357 416 Caesar3
373 350 473 418 quibus
486 349 532 402 ille
544 348 707 417 promeritis
719 349 860 404 civitatem
874 353 936 422 ejus

81 435 229 488 innnnncm
242 447 302 484 esse
309 429 441 498 jusserat,
449 427 515 496 jura
526 428 656 497 legesque
667 428 837 498 reddiderat,
851 437 936 502 atquo

82 511 133 579 ipsi
147 509 268 563 Morinos
281 507 454 561 attribuerat.
478 505 566 558 'lanta
577 509 670 558 tamen
678 507 819 561 universae
830 509 936 565 Galliae

82 587 222 641 consensio
242 585 296 639 fuit
313 585 450 638 libertatis
470 583 650 638 vindicandae
669 588 698 638 et
716 585 850 653 pristinae
868 587 935 642 belli

82 664 172 718 laudis
195 661 401 732 recuperandae
426 664 457 714 ut
480 676 571 729 noque
594 660 736 726 beneficiis
758 678 848 730 neque
868 665 936 718 ami-

83 741 165 794 citiae
192 740 325 793 memoria
354 739 536 803 morerentur,
561 752 710 806 omnesque
736 741 765 792 ct
787 739 879 795 animo
906 746 936 797 ct

83 816 180 887 opibus
198 817 226 869 in
243 817 273 869 id
291 815 393 868 bollum
414 812 604 869 incumberent
622 813 723 867 coactis
739 816 865 883 equitum
881 832 936 872 vnr

83 895 192 948 milibus
207 897 236 948 et
250 893 375 962 peditum
391 891 501 944 circiter
517 906 592 944 coxa.
630 891 708 945 Hace
726 891 754 944 in
772 893 935 948 Aeduorum

82 971 182 1024 finibus
201 968 413 1024 recensebantur
430 984 614 1035 numerusque
634 968 762 1023 inibatur.
798 968 935 1024 Praefecti

83 1047 328 1102 constituebantur.
366 1045 488 1099 Gounnio
503 1044 640 1111 Atrebati,
649 1045 816 1101 Virdomaro
825 1051 856 1100 ct
866 1047 936 1117 Epo

84 1125 203 1192 rc‘dorigi
234 1122 348 1189 Aeduis,
373 1121 582 1188 Vergasillauno
613 1123 746 1190 Arverno,
774 1123 935 1177 consobrino

85 1200 327 1269 Vercingetorigis,
344 1215 451 1252 summa
470 1197 577 1265 imperii
596 1197 723 1251 traditur.
762 1199 815 1252 His
833 1200 934 1255 delecti

85 1295 119 1332 cx
148 1276 306 1331 civitatibus
335 1274 524 1329 attribuuntur
553 1290 668 1341 quorum
697 1276 809 1329 oonsilio
827 1275 934 1332 'bellurn

85 1355 330 1408 administraretur.
366 1351 467 1404 Oumcs
491 1351 594 1404 alacres
617 1353 647 1404 et
670 1352 786 1407 fiduciae
804 1354 879 1422 pleni
899 1355 936 1409 ad

86 1431 208 1484 Alesiam
225 1429 450 1498 proficiscuntur;
466 1445 555 1495 neque
571 1431 632 1482 erat
650 1429 771 1482 omnium
789 1431 934 1500 quisquam

85 1508 131 1576 qui
150 1511 291 1578 aspectum
305 1504 387 1558 modo
402 1507 495 1557 tantae
509 1503 695 1557 multitudinis
711 1506 841 1561 sustineri
855 1525 936 1577 posse

84 1584 267 1638 arbitraretur
301 1580 464 1650 praesertim
496 1579 609 1647 ancipiti
639 1582 752 1649 proelio,
783 1600 868 1651 quum
901 1602 936 1639 er

85 1660 184 1729 oppido
202 1659 344 1728 eruptione
361 1657 536 1725 pugnaretur,
554 1655 620 1728 foris
637 1660 733 1711 tantae
750 1661 843 1728 copiae
861 1663 936 1731 equi:

85 1741 160 1792 tatus
172 1737 367 1805 peditatusque
380 1735 564 1786 cernerentur.

137 1816 177 1870 77.
214 1812 288 1866 Atii
305 1810 352 1879 qni
372 1808 483 1861 Alesiae
501 1806 706 1876 obsidebantur,
720 1813 873 1897 praeterita
890 1813 936 1868 die

85 1906 139 1957 qna
162 1905 272 1948 snorum
295 1887 396 1940 auxilia
419 1887 654 1952 exspectaverant,
678 1891 838 1956 consumpto
863 1890 936 1943 omni

85 1966 228 2029 frumento,
241 1963 318 2016 inscii
331 1962 398 2031 qnid
407 1962 434 2013 in
446 1959 551 2013 Aeduis
560 1964 711 2027 gereretur,
721 1962 833 2017 concilio
841 1971 936 2021 coacto

85 2042 120 2094 dc
133 2040 211 2093 exitu
222 2040 392 2092 fortunarum
405 2054 516 2090 suarum
528 2035 727 2090 consultabant.
764 2040 847 2108 Apud
867 2059 936 2111 quos

85 2115 166 2168 variis
181 2115 262 2169 dictis
283 2113 434 2180 sententiis,
453 2129 569 2182 quarum
587 2129 650 2180 pars
669 2111 846 2185 deditionem,
863 2135 937 2187 pars,

85 2191 150 2243 ‹lurn
163 2191 235 2244 vires
247 2192 433 2258 suppeterent,
446 2189 617 2256 eruptionem
631 2188 768 2256 censebat,
787 2208 842 2245 non
858 2211 937 2262 prae-

85 2266 221 2320 tereunda
243 2265 352 2319 videtur
375 2265 463 2319 oratio
488 2265 641 2333 Critognati
662 2269 777 2334 propter
797 2266 857 2336 ejus
882 2271 937 2324 sin-

83 2343 262 2410 gularenr·ac
291 2341 424 2396 nefariam
453 2342 652 2396 crudelitatem.
689 2342 744 2395 Hic
773 2359 878 2401 summo
908 2348 936 2401 in

87 2421 219 2473 Arvernis
230 2423 308 2473 ortus
316 2418 374 2472 loco
382 2424 411 2474 et
421 2436 535 2488 magnae
544 2419 654 2472 habitus
662 2420 840 2488 auctoritatis,
851 2422 937 2493 Nihil,

84 2497 180 2565 inquit,
193 2497 228 2550 de
238 2513 332 2550 eorum
341 2496 479 2550 sententia
487 2497 610 2550 dicturus
618 2513 685 2562 sum,
695 2495 743 2564 qui
750 2497 936 2565 turpissimam

84 2574 246 2631 servitutem
274 2574 422 2628 deditionis
451 2574 560 2627 nomine
590 2573 729 2641 appellant
736 2593 743 2638 ;
768 2580 857 2642 neque
886 2576 937 2631 hos

83 2649 224 2704 habendos
243 2640 341 2704 ciriuln
362 2650 421 2703 loco
440 2666 530 2718 neque
549 2649 585 2702 ad
604 2649 745 2703 concilium
765 2651 937 2706 adhibendos

84 2742 190 2781 censeo.
226 2726 295 2781 Cum
307 2727 349 2779 his
361 2727 428 2780 mihi
440 2743 485 2779 res
503 2727 539 2779 sit
556 2726 602 2795 qui
621 2726 792 2795 eruptionem
809 2728 936 2796 probant,

84 2819 202 2872 qnorum
213 2802 241 2855 in
253 2803 364 2856 consilio
377 2805 496 2856 omniurn
513 2808 635 2856 vestrum
654 2820 788 2858 consensu
805 2804 937 2873 pristinae

16 2894 24 2955 ,r
84 2879 207 2932 residere
233 2879 343 2932 uirtutis
372 2880 504 2932 momoria
532 2880 649 2934 videtur.
688 2881 782 2934 Animi
810 2884 853 2934 est
882 2880 938 2936 ista

81 2955 218 3020 mollities,
232 2971 284 3007 non
299 2956 392 3025 v‘utus,
405 2957 523 3026 inopiam
535 2957 684 3024 paullisper
694 2957 768 3011 ferre
779 2973 833 3012 non
850 2973 938 3025 posse.

70 3029 127 3088 Qui
143 3047 176 3082 so
195 3030 271 3085 ultro
293 3033 378 3088 morti
400 3034 520 3089 offerant
538 3033 646 3087 lae‘il'rus
664 3034 839 3101 repertantur
858 3050 942 3098 auem

53 3101 107 3164 qui
116 3104 251 3162 dolorem
266 3112 424 3180 patienter
442 3115 550 3169 ferant.
581 3112 679 3177 Atque
696 3124 749 3174 ego
761 3106 839 3158 tane
848 3111 959 3157 seuten-

40 3173 111 3228 aam
122 3181 303 3261 probarem,
324 3209 398 3249 nam
418 3192 506 3266 apud
521 3207 573 3248 me
591 3192 711 3242 tantum
727 3181 856 3246 dignitas
870 3179 982 3242 potest,
