2018 3396
444 120 555 170 LIBER
571 119 610 169 11.
924 118 953 164 a}

85 258 90 264 ,
155 206 200 256 31.
236 200 291 255 Ubi
314 216 381 256 vcro
401 200 504 256 moveri
524 202 554 255 et
573 198 792 269 appropinquare
812 195 955 250 iuuenibus

102 275 237 343 viderunt,
246 291 316 330 nova
324 279 409 346 atque
418 277 549 331 inusitata
561 276 650 344 specie
661 275 789 329 commoti
801 275 905 340 legatos
917 271 955 325 ad

55 364 61 373 ·
103 351 249 407 Caesarem
261 352 297 407 de
308 369 376 421 paee
387 352 528 418 miserunt,
540 353 587 420 qui
602 351 721 405 adhunc
733 351 844 403 modum
856 348 954 404 locuti:

102 426 129 480 N
130 444 166 481 on
177 427 336 481 existinrare
348 428 485 481 Romanos
497 429 556 481 sine
570 444 622 496 ope
634 427 725 480 divina
736 426 838 480 bellum
849 443 954 494 gerere,

101 503 149 573 qui
160 506 258 558 tautae
267 503 420 558 altitudinis
432 504 644 557 machinationes
656 507 733 557 tanta
744 503 887 556 eeleritate
895 520 956 571 pro-

102 593 213 634 movere
221 579 264 650 [et
274 596 310 634 ex
320 581 527 650 propinquitate
539 581 672 651 pugnare]
682 583 801 648 possent,
810 596 840 633 se
852 595 955 646 suaque

103 656 193 709 omnia
204 672 299 710 eorum
310 657 441 724 potestati
453 658 614 726 permittere
626 656 762 720 dixerunt.
800 655 893 709 Unum
908 671 955 722 pe-

102 732 164 784 tere
176 747 208 785 ac
220 731 374 800 deprecari:
393 732 417 786 si
428 733 500 786 forte
512 749 562 801 pre
574 749 624 785 sua
635 732 779 785 elementia
790 749 822 786 ac
831 748 955 784 mansne-

102 805 206 876 tudino,
216 824 298 876 quam
310 807 363 876 ipsi
374 807 410 862 ab
422 807 482 861 aliis
494 808 627 874 audirent,
640 807 781 861 statuisset
794 807 955 859 Aduatucos

103 897 165 936 esse
176 882 382 949 commendes,
394 900 430 937 ne
441 899 472 937 se
483 882 566 936 a'rmis
577 883 749 951 despoliaret.
787 882 845 936 Sibi
860 898 954 934 ornnes

102 956 162 1011 fere
180 958 309 1013 finitimos
327 975 388 1013 esse
406 958 529 1012 inimicos
548 975 580 1012 ae
598 975 663 1012 suae
681 959 776 1011 virtuti
795 957 955 1020 invideres

102 1033 204 1101 quibus
223 1051 254 1089 se
272 1034 422 1089 defendere
440 1035 551 1088 traditis
568 1034 651 1088 annis
669 1051 722 1087 non
741 1037 859 1102 possent.
896 1031 954 1085 Sibi

102 1113 252 1177 pessare,
263 1109 287 1164 si
302 1110 331 1163 in
347 1126 410 1163 enm
428 1126 520 1163 manni
540 1110 749 1174 deducerentur,
761 1109 884 1177 quannis
900 1107 955 1159 ier-

102 1186 197 1238 tunam
207 1201 225 1238 a
236 1186 335 1254 populo
349 1186 471 1239 Romano
483 1185 539 1254 pati
553 1202 635 1253 qnam
646 1185 682 1238 ab
693 1184 736 1237 his
745 1200 795 1252 per
804 1183 954 1237 cruciatum

102 1257 219 1314 interfici
232 1260 384 1329 intorques
397 1260 530 1314 dominari
542 1263 726 1314 consuessent.

153 1341 194 1389 32.
231 1337 279 1389 Ad
299 1335 366 1390 haee
386 1337 487 1390 Caesar
505 1336 660 1404 respondit:
686 1337 722 1388 Se
738 1337 826 1401 magis
844 1350 955 1388 consue·

102 1411 199 1465 tudine
210 1427 260 1465 sna
272 1428 355 1479 quam
367 1413 465 1465 merito
474 1429 569 1466 corum
577 1412 717 1466 civitatem
725 1418 955 1475 conservaturum,

102 1486 127 1539 si
138 1486 215 1554 prius
226 1503 308 1555 quam
320 1503 428 1539 minum
437 1487 508 1541 aries
516 1488 656 1556 attig'sset
664 1503 695 1540 se
704 1482 890 1548 dddidissent3
904 1485 954 1537 sed

102 1561 251 1615 deditionis
268 1561 371 1615 nullam
387 1579 448 1616 esse
462 1563 645 1617 conditionem
664 1561 716 1615 nisi
735 1561 818 1614 armis
837 1560 953 1615 traditis.

103 1636 141 1691 Se
160 1637 190 1689 id
211 1638 287 1706 quod
307 1638 335 1690 in
356 1638 466 1692 Nerviis
486 1639 596 1692 lecisset
619 1639 754 1692 facturum
777 1636 954 1705 finitimisque

101 1711 349 1779 irnperaturum,ne
359 1730 440 1781 quam
450 1713 585 1768 dedititiis
593 1713 685 1782 pepuli
698 1712 814 1766 Romani
826 1712 954 1779 injuriam

102 1787 245 1843 inferrent.
280 1788 323 1842 lte
338 1790 464 1842 nuntiata
480 1789 516 1842 ad
532 1806 602 1855 suos,
614 1805 685 1857 quae
701 1788 902 1856 imperarentur
916 1790 954 1841 fa-

101 1879 164 1917 eere
183 1863 319 1919 dixerunt.
357 1865 504 1918 Armorum
520 1880 619 1931 magna
634 1864 809 1917 multitudine
826 1863 861 1917 de
877 1881 954 1917 muro
977 1906 986 1915 ,

102 1938 131 1990 in
149 1939 249 1992 lessam
266 1956 337 2007 quae
354 1945 415 1992 erat
433 1943 497 1993 ante
517 1940 647 2008 oppidum
660 1939 738 2007 jacta
759 1940 797 1992 sic
817 1944 849 1992 ut
870 1955 954 2007 prope

103 2030 236 2067 sisinninm
251 2015 324 2067 muri
338 2015 501 2082 aggerisque
516 2014 689 2068 altitudinem
709 2015 798 2069 acervi
818 2030 955 2067 armerum

96 2088 297 2158 adaequarent,
315 2096 345 2143 ct
364 2094 456 2144 tamen
474 2090 583 2143 circiter
601 2095 680 2158 parte
699 2091 790 2156 tertia,
809 2094 841 2143 ut
859 2093 955 2157 postea

102 2170 276 2232 perspectum
293 2169 345 2232 est,
361 2166 450 2219 celata
467 2169 551 2234 atque
568 2165 595 2218 in
613 2166 714 2234 oppido
734 2171 851 2231 retenta,
868 2165 955 2232 portis

102 2240 246 2308 patefactis
258 2257 291 2294 eo
302 2241 347 2294 die
358 2258 425 2310 pace
437 2249 500 2294 sunt
512 2243 560 2294 usi.

155 2321 197 2370 33.
232 2316 290 2371 Sub
308 2334 452 2385 vesperum
470 2318 570 2370 Catesar
586 2321 679 2385 portas
695 2316 783 2369 claudi
800 2317 956 2384 militesque

103 2406 139 2444 ex
154 2391 255 2460 oppido
268 2392 346 2446 exire
359 2390 445 2460 jussit
458 2409 493 2445 ne
507 2410 590 2462 qnam
604 2396 686 2445 noctu
699 2392 827 2460 oppidani
840 2391 875 2443 ab
887 2392 956 2443 mili-

103 2464 178 2521 tibus
189 2467 317 2535 injuriam
329 2467 490 2535 acciperent.
527 2468 573 2522 Illi
585 2472 650 2520 ante
662 2467 736 2533 inito,
746 2473 777 2519 ut
785 2466 956 2519 intellectum

102 2545 155 2609 est,
167 2542 284 2608 oonsilio,
299 2543 375 2612 qnod
391 2542 530 2597 deditione
546 2543 620 2595 sacta
635 2546 742 2595 nostros
755 2540 893 2610 praesidia
909 2540 956 2594 de

103 2616 235 2672 ducturos
251 2622 301 2672 aut
318 2619 437 2687 denique
454 2619 639 2686 indiligentius
658 2621 814 2671 servaturos
831 2616 957 2669 eredide-

104 2696 174 2759 rant,
192 2697 292 2763 partim
316 2711 376 2748 cum
403 2695 444 2748 lris
468 2712 538 2763 qnae
559 2695 731 2748 retinuerant
751 2695 781 2745 et
801 2692 958 2745 celaverant

103 2771 194 2837 armis,
217 2770 320 2838 partim
344 2771 428 2824 scutis
452 2788 486 2824 ex
510 2771 610 2824 cortice
634 2769 712 2822 factis
738 2770 786 2820 aut
812 2766 958 2820 viminibus

104 2843 226 2913 intextis,
238 2862 310 2914 quae
328 2846 426 2910 subito,
442 2852 474 2898 nt
491 2846 623 2914 temperis
641 2842 777 2910 exiguitas
793 2842 958 2910 postulabat,

104 2920 222 2989 pellibus
233 2921 405 2989 induxerant,
415 2924 501 2979 tertia
512 2921 680 2991 uigilia,qua
686 2917 806 2970 minume
813 2917 977 2993 atumem

100 2999 209 3051 riostras
225 2997 396 3056 munitiones
416 3018 552 3057 ascensus
568 2996 739 3058 uidebatur,
753 2990 893 3041 auxum
908 2996 989 3041 esum

92 3073 240 3139 repentine
253 3092 289 3131 cx
302 3079 415 3151 oppido
428 3081 620 3154 emptionem
634 3069 784 3128 iecerunt.
812 3056 989 3147 ’uacuum

82 3149 152 3201 antc
175 3151 286 3210 cerer
308 3155 491 3231 imperarat,
511 3158 640 3232 'ignibus
662 3142 892 3220 augustudunum
909 3120 989 3172 &affl
