2018 3396
444 103 557 152 arnna
574 64 639 154 uu.
892 105 940 156 147

84 201 137 252 que
149 184 177 239 in
189 184 262 254 agris
274 187 304 238 et
316 183 421 252 peeoris
433 184 537 253 copiam
553 188 658 250 nactus,
675 183 782 252 repleto
797 183 841 236 his
856 183 940 238 rebus

84 261 215 329 exercitu,
227 262 281 315 iter
293 260 322 314 in
335 261 455 315 Senonas
467 262 556 314 faeere
569 261 648 315 instit
669 261 697 314 't

135 343 176 396 57.
213 338 286 391 Dum
305 338 372 392 haee
390 337 464 406 apud
481 338 625 392 Caesarem
642 340 784 406 geruntur,
802 338 937 392 Labienus

81 430 116 467 eo
135 414 330 484 'supplemento
354 415 428 483 quod
451 431 538 482 nuper
556 431 592 467 ex
611 415 693 468 Italia
710 419 823 468 venerat
841 414 937 468 relicto

83 491 227 559 Agendiei,
246 494 278 544 ut
298 495 371 544 esset
390 490 592 558 impedimentis
609 490 754 558 pracsidio,
773 507 834 544 esni
854 506 883 544 1v
901 491 938 544 le-

81 566 208 632 gionibus
227 566 365 622 Lutetiam
383 566 570 635 proficiscitur.
609 567 644 619 ld
659 570 702 620 cst
717 567 847 635 oppidum
864 567 938 620 Pari-

82 642 184 695 siorum
208 643 328 711 positum
352 641 381 695 in
404 642 492 696 insula
520 642 638 696 flurainis
666 642 814 711 Sequanae.
851 643 937 710 Cujus

81 717 202 772 adventu
223 718 258 771 ab
277 718 403 771 hostibus
423 719 533 785 cognito
551 735 666 786 magnae
682 736 716 772 ex
735 720 857 773 finitimis
873 720 937 772 ciri·

81 793 186 846 tatibus
205 795 298 863 copiae
322 790 512 848 eonienerunt.
550 795 661 848 Summa
685 796 792 864 imperii
816 795 937 849 traditur
975 818 978 825 ¹

82 869 266 938 Camulogeno
280 871 406 938 Aulerm,
419 872 465 938 qui
478 888 563 940 prope
576 873 715 925 confectus
731 874 831 940 aetate,
843 875 936 925 tamen

81 949 195 1014 propter
213 947 377 1014 singularem
396 941 537 1000 scientiam
556 948 597 1000 rei
616 949 742 1001 militaris
760 949 796 1002 ad
813 965 876 1002 eum
893 952 937 1001 est

80 1019 209 1076 honorem
220 1026 355 1076 evocatus.
393 1023 516 1093 lsqunm
525 1024 764 1077 animadvertisset
773 1028 936 1092 perpetuam

81 1112 142 1150 esse
159 1098 287 1167 paludem
307 1115 378 1166 qnae
395 1098 523 1153 influeret
540 1099 568 1152 in
587 1099 742 1168 Sequanam
757 1105 841 1168 atque
859 1099 934 1152 illum

78 1188 188 1227 omnem
206 1175 295 1229 locum
313 1175 479 1242 magnopere
497 1175 651 1243 impediret,
670 1175 714 1228 hic
732 1175 856 1228 consedit
875 1191 951 1227 nos·

65 1248 193 1318 ‚trosque
206 1252 324 1304 transitu
336 1251 481 1318 prohibere
493 1251 620 1304 instituit.

133 1333 172 1380 58.
210 1328 348 1381 Labienus
372 1328 460 1394 primo
484 1327 577 1379 rineas
596 1341 686 1392 agore,
707 1324 828 1377 cratibus
850 1328 935 1393 atque

80 1417 181 1468 aggere
199 1404 326 1471 paludem
345 1403 455 1471 explere
476 1406 560 1470 atque
577 1402 631 1454 iter
648 1401 755 1453 munire
776 1399 934 1455 conabatur.

80 1475 229 1546 Postquam
255 1479 284 1532 id
308 1479 443 1533 difficilius
467 1479 527 1531 lieri
556 1476 757 1543 ammadvertit
781 1476 889 1530 silentio
919 1494 935 1530 e

79 1555 176 1606 eastris
188 1554 271 1608 tertia
283 1555 374 1622 vigilia
390 1570 516 1622 egressus
530 1553 627 1606 eodem
642 1569 696 1620 qno
708 1555 821 1606 venerat
836 1552 935 1606 itinere

80 1627 259 1682 Melodunurn
282 1630 414 1698 pervenit.
458 1629 494 1683 Id
518 1635 561 1684 est
587 1628 717 1697 oppidum
746 1628 882 1682 Senonum
906 1628 934 1681 in

78 1703 168 1768 insula
180 1706 322 1775 Sequanae
333 1706 461 1775 positum,
474 1709 506 1758 ut
519 1705 610 1774 paullo
627 1707 692 1758 ante
711 1704 849 1757 Lutetiam
864 1703 934 1756 dixi-

79 1796 147 1835 mus.
184 1782 369 1851 Deprehensis
382 1783 496 1835 navibus
512 1782 622 1835 circiter
640 1794 655 1832 n
673 1779 855 1847 celeriterque
874 1796 935 1832 eon-

75 1854 187 1923 junetis,
205 1863 289 1926 atque
313 1874 345 1910 co
369 1858 502 1910 militibus
525 1855 668 1924 impisitis,
693 1858 722 1908 et
747 1855 788 1907 rei
812 1855 934 1909 novitate

78 1933 235 2000 perterritis
252 1933 403 2002 oppidanis,
423 1929 543 2000 quorum
563 1948 661 1998 magua
684 1948 748 1998 pars
772 1930 808 1984 ad
831 1930 933 1984 bellurn

80 2011 141 2062 orat
157 2015 277 2076 evocata
290 2011 348 2062 sine
364 2007 537 2062 contentione
554 2000 655 2076 op'pido
671 2007 782 2075 potitur.
820 2006 934 2061 Itelecto

78 2088 170 2151 ponte,
195 2102 277 2154 quern
301 2083 486 2153 superioribus
515 2082 612 2136 diebus
639 2082 732 2135 hostes
756 2081 933 2150 rescideram,
966 2123 970 2131 .

79 2160 229 2214 exercitum
249 2160 411 2227 transducit,
428 2164 457 2213 et
477 2158 597 2214 seeundo
613 2158 724 2210 flumine
741 2158 776 2210 ad
794 2157 933 2211 Lutetiam

79 2234 134 2287 iter
157 2236 246 2290 lacere
270 2237 368 2304 eoepit.
405 2236 515 2302 llostes,
539 2252 570 2288 re
594 2235 703 2302 cognita
724 2234 810 2286 abiis
829 2235 876 2302 qui
895 2233 933 2302 [a]

79 2309 225 2365 Melodnno
237 2313 423 2382 profugerant,
436 2312 574 2365 Lutetiam
586 2311 694 2364 incendi
708 2314 860 2378 pontesque
873 2309 933 2376 ojus

79 2385 172 2454 oppidi
189 2388 308 2442 rescindi
322 2388 436 2456 jubent:
455 2388 507 2457 ipsi
524 2379 638 2455 profecti
657 2403 673 2438 a
691 2386 791 2452 palude
814 2385 842 2437 in
865 2385 933 2452 ripis

79 2462 220 2530 Sequanae
232 2480 248 2518 e
259 2465 372 2532 regione
384 2465 511 2516 Lutetiae
524 2467 619 2516 eontra
634 2461 747 2515 Labieni
765 2463 855 2513 castra
871 2477 933 2513 eon-

80 2537 182 2591 sidunt.

130 2619 171 2667 59.
206 2614 225 2666 J
227 2631 271 2667 am
285 2615 385 2672 Caesar
397 2629 414 2666 a
426 2612 563 2678 Gergovia
581 2610 739 2666 discessisse
754 2610 932 2677 audiebatur;

74 2689 135 2758 jam
152 2690 188 2744 de
203 2690 365 2743 Aeduorum
382 2689 535 2741 delectione
550 2690 579 2740 et
594 2686 713 2745 secundo
733 2686 837 2739 Galliae
856 2692 932 2743 motu

78 2782 202 2819 rumores
214 2766 403 2828 afferebantur,
417 2763 544 2832 Gallique
558 2762 587 2814 in
603 2762 742 2830 colloquiis
754 2762 931 2818 interclusum

78 2839 177 2894 itinere
189 2845 218 2895 et
239 2841 329 2908 Ligeri
348 2841 493 2894 Caesarem
507 2838 598 2905 inopia
614 2838 744 2892 frumenti
762 2842 885 2892 coactum
903 2839 932 2892 in

79 2917 244 2986 provinciam
260 2916 432 2970 contendisse
446 2914 649 2969 confirmabant.
688 2915 823 2969 Bellovaci
839 2918 932 2969 autem

80 2992 233 3051 defectione
258 2992 419 3046 Aeduorum
438 2990 558 3060 cognita,
578 2991 629 3061 qui
646 2995 716 3045 ante
733 2994 818 3044 erant
833 3005 889 3052 ψ
911 3002 942 3035 ss

73 3068 205 3135 infideles,
228 3085 327 3123 manus
353 3087 454 3140 cogere
485 3073 576 3142 atque
599 3072 706 3140 aperte
723 3065 843 3120 bebnm
863 3066 976 3119 affl·-

60 3146 225 3211 δοθΡθΜΗΰ.
265 3147 337 3203 Tum
356 3149 616 3209 Labienustanta
635 3159 746 3202 rerum
760 3121 980 3194 commemorer
