2018 3396
81 136 130 184 na
349 133 691 185 oecumenicarum
729 122 734 129 '

83 221 210 285 Augetur
223 215 308 270 Gallis
321 214 437 283 suspicio
449 218 534 282 atquo
547 229 641 266 onrnes
652 213 700 266 illo
709 214 747 267 ad
756 216 939 273 munitionem

81 296 174 362 copiae
194 293 418 346 transducuntur.
455 292 549 344 Vacua
572 292 664 343 castra
685 288 810 344 lrostium
836 292 939 347 Cacsar

80 370 261 438 conspicatus,
292 369 374 421 tectis
405 367 554 435 insignibus
586 382 704 431 suormn,
735 367 939 438 occultatisque

80 447 166 512 siguis
180 445 352 510 militaribus,
368 462 445 497 rraros
459 443 569 509 milites,
585 459 621 495 ne
638 459 673 496 ex
691 443 795 512 oppido
815 446 939 521 animad-

80 526 262 587 verterentur,
276 538 310 573 cx
323 519 474 587 rnajoribns
490 519 587 572 castris
600 518 629 570 in
647 518 755 572 minora
772 521 938 589 transducit,

80 597 241 665 legatisque,
265 614 334 665 qnos
354 596 467 664 singulis
490 594 642 662 legionibus
665 595 850 664 praefecerat,
871 598 938 667 quid

80 674 139 726 ficri
159 674 242 727 vellet
265 672 402 727 ostendit:
430 673 458 725 in
482 671 579 741 primis
601 676 695 725 rrronet
719 674 751 724 ut
775 673 938 729 contineant

79 750 242 815 militesne
263 748 355 802 studio
378 747 518 817 pugnandi
541 750 589 800 aut
610 764 659 816 spe
681 747 804 816 praedae
827 749 937 818 longius

79 825 305 893 progrediantur:
329 826 397 893 quid
417 825 547 893 iniquitas
566 823 618 877 loci
640 824 743 877 habeat
766 824 937 881 incommodi
966 892 971 903 Ι

79 902 221 970 proponit:
243 901 293 954 hoc
317 918 370 954 uua
394 902 536 956 celeritate
559 916 640 968 posse
662 900 758 955 vitari:
783 903 937 956 occasionis

79 994 139 1030 osse
151 994 217 1037 reru,
229 994 282 1030 non
297 978 401 1046 proelii.
438 977 490 1030 llis
506 976 589 1029 rebus
603 976 734 1044 expositis
750 976 861 1045 signum
878 978 935 1047 dut,

79 1057 109 1107 ct
121 1053 156 1106 ab
168 1054 267 1107 dextra
278 1059 357 1123 parto
370 1054 423 1107 alio
436 1051 549 1106 ascensu
566 1052 662 1106 codem
674 1056 800 1120 tempore
818 1053 952 1109 Aeduos·

79 1130 172 1184 mittit.
755 1126 759 1135 '

131 1213 171 1260 46.
205 1205 305 1275 Oppidi
318 1223 412 1259 rnrrrus
425 1206 459 1258 ab
475 1205 589 1273 planitie
604 1207 689 1272 atque
706 1203 784 1257 initio
802 1221 935 1261 aseensus

78 1286 155 1336 recta
178 1283 297 1349 regione,
322 1283 344 1335 si
368 1281 458 1334 nullus
482 1281 630 1334 anrfraetns
652 1279 856 1349 lutcrcederet,·
878 1298 935 1339 nce

79 1375 175 1426 passus
195 1359 304 1411 aberat:
322 1358 457 1427 quidquid
473 1356 536 1410 huie
550 1356 680 1410 circuitus
698 1355 934 1414 ad'molliendum

79 1434 178 1487 clivum
191 1438 350 1499 accesserat,
364 1433 393 1485 id
403 1433 522 1501 spatium
533 1432 640 1486 itineris
650 1432 776 1499 augebat.
803 1436 829 1487 A
840 1436 935 1489 medio

78 1509 137 1563 fore
150 1510 218 1563 colle
230 1510 259 1562 in
271 1508 478 1577 longitudinem,
489 1512 522 1561 ut
533 1511 633 1561 natura
646 1508 747 1561 montis
762 1508 881 1577 ferebat,
899 1529 935 1567 ex

79 1586 229 1652 grandibus
247 1586 319 1638 saxis
339 1602 386 1638 scx
403 1583 504 1652 pedum
517 1600 633 1650 murum,
647 1583 693 1652 qui
710 1588 867 1661 nostrorum
882 1588 934 1641 im-

79 1658 175 1728 petum
196 1660 328 1728 tardaret,
354 1661 559 1729 praeduxerant
589 1659 666 1725 Galli,
692 1662 777 1728 atque
799 1661 934 1719 interiore

79 1738 153 1789 omni
166 1737 255 1805 spatio
267 1755 352 1790 vacuo
364 1737 468 1804 relicto,
480 1735 649 1805 superiorem
661 1739 769 1803 partem
789 1738 868 1791 collis
886 1757 934 1795 us-

80 1829 135 1879 que
147 1813 182 1864 ad
193 1829 301 1866 nrurum
314 1814 408 1882 oppidi
421 1812 590 1865 densissimis
602 1812 699 1864 castris
718 1812 933 1881 compleverant
962 1810 975 1835 ⁰

80 1887 184 1940 Milites
208 1888 274 1941 dato
305 1889 383 1957 signo
411 1888 539 1942 celeriter
568 1887 604 1941 ad
633 1887 811 1942 munitionem
834 1907 934 1959 perve-

78 1963 164 2028 niunt,
178 1979 294 2032 eamque
305 1965 470 2033 transgressi
483 1964 563 2017 trinis
583 1963 680 2017 castris
697 1964 850 2032 potiuntur.
888 1971 934 2025 Aa

78 2040 157 2089 tanta
168 2037 221 2090 fuit
240 2039 268 2090 in
284 2040 381 2093 castris
396 2040 538 2108 capiendis
550 2040 676 2093 celeritas
688 2043 721 2093 ut
740 2040 933 2114 Teutomatus,

79 2128 129 2164 rex
151 2113 345 2180 Nitiobrigmn,
365 2114 456 2168 subito
475 2116 503 2167 in
527 2114 703 2169 tabernaculo
722 2133 877 2186 oppressus,
898 2126 934 2177 ut

78 2187 193 2240 moridie
208 2189 407 2256 conquieverat,
421 2190 561 2258 superiore
580 2191 699 2260 corporis
716 2197 797 2261 parte
817 2195 933 2267 nudata,

78 2262 219 2314 vulnerato
243 2280 313 2331 equo
339 2265 384 2316 vix
402 2282 431 2318 so
449 2283 485 2318 ex
501 2266 626 2321 manibus
643 2267 836 2335 praedantium
859 2273 933 2327 mili·
983 2308 985 2315 -

79 2343 138 2391 tum
153 2339 281 2407 eriperet.

89 2476 94 2489 1
131 2418 172 2468 47.
209 2413 376 2468 Consecutus
388 2415 418 2468 id
430 2415 505 2483 quod
521 2417 611 2469 animo
628 2423 809 2486 preposuerat
826 2420 932 2479 Caesar

79 2489 202 2557 receptui
219 2491 278 2543 cani
289 2491 382 2559 jussit,
400 2491 567 2559 legionisque
586 2491 720 2562 decimae,
732 2511 849 2562 quacumr
868 2506 932 2554 erat

79 2566 259 2631 contionatus,
283 2567 360 2634 signa
383 2568 538 2621 constitere.
575 2568 616 2621 At
635 2569 803 2637 reliquarum
826 2574 931 2629 milites

79 2639 216 2708 legionum
239 2659 293 2696 non
311 2643 441 2697 cxaarrdito
459 2643 543 2696 tubae
560 2659 635 2708 sone,
653 2646 727 2712 quod
744 2648 811 2700 satis
828 2665 931 2718 magna

78 2717 156 2770 vullis
164 2718 365 2786 intercedebat,
373 2726 465 2774 minen
474 2719 509 2772 ab
518 2719 929 2794 tribunismilitumlegatisquo,

76 2795 111 2871 pt
131 2796 191 2846 crat
205 2810 222 2846 a
237 2794 353 2850 Caesare
369 2801 555 2866 praeceptum,
570 2797 774 2853 retinebantur:
792 2800 842 2854 scd
861 2803 929 2858 elati

78 2882 127 2934 spe
146 2869 242 2922 celeris
263 2873 393 2927 victoriae
416 2878 445 2927 et
468 2873 588 2927 nostium
611 2872 677 2940 fuga
700 2875 930 2948 superiorumque

77 2943 234 3012 temporum
259 2949 384 3002 secundis
407 2950 525 3019 proeliis,
548 2948 615 3002 nibil
639 2951 708 3004 adeo
732 2952 848 3007 arduum
875 2956 929 3011 sibi

66 3018 265 3079 existimabant
278 3027 355 3097 qnod
369 3046 424 3084 non
436 3028 545 3083 virtute
558 3027 691 3094 consequia
702 3031 940 3094 possessaeque

44 3092 231 3176 priusdncm
250 3108 399 3180 sequendi
417 3110 553 3167 fceerrmt
572 3121 661 3176 qnam
675 3115 759 3157 muru
776 3098 876 3165 oppidi
888 3115 957 3180 W:

43 3166 135 3235 iisqne
152 3186 457 3262 appropinquaruqqss·
498 3188 578 3244 Tum
595 3198 667 3238 vett)
685 3194 724 3232 QX
740 3171 876 3225 omffiffi
888 3167 977 3218 What
