2018 3396
61 116 93 164 32
316 113 344 161 Ο.
362 112 409 162 JU
411 62 651 162 L11⁰0AESARIS

60 193 205 262 Menapios
216 207 258 246 vn
269 192 351 260 milia,
365 192 473 247 Caletos
484 209 503 245 x
515 193 598 261 milia,
611 194 771 257 velocasses
783 198 813 248 ct
825 195 912 250 Vere-

60 270 193 322 manduos
216 267 340 335 totidem,
366 268 527 322 Aduatucos
550 286 601 324 x1x
624 269 713 335 milia,
746 271 911 339 Condrusos,

60 345 209 410 Eburones,
228 344 383 409 Caeroesoa
403 345 559 412 Pammenes,
579 346 626 414 qui
643 363 697 400 uno
715 347 824 401 nomine
843 347 911 402 Ger-

59 420 133 474 mani
144 419 324 488 appellantur,
336 420 465 474 arbitrari
478 421 514 474 ad
526 437 562 474 xn
575 421 655 474 milia.

33 518 50 525 ·
112 502 135 550 5.
173 496 273 549 Cacsar
286 496 387 550 Remos
400 497 557 550 cohortatus
569 496 776 566 liberaliterque
787 499 911 554 oratione

58 576 218 642 prosecutus
230 588 337 626 omnem
350 576 475 625 senatum
489 572 525 625 ad
541 589 571 626 se
587 574 729 627 convenire
745 573 911 642 principum-

59 666 113 718 que
124 648 224 702 libcros
237 648 346 701 obsides
358 648 395 701 ad
406 666 436 703 se
448 649 547 702 adduci
558 648 649 717 jussit.
686 650 762 714 Quae
774 651 864 704 omnia
875 652 911 704 ab

22 780 32 799 ‚
59 724 100 779 his
124 725 271 792 diligenter
294 724 330 776 ad
354 724 427 778 diem
450 725 523 778 facta
548 728 618 779 sunt.
656 725 720 794 lpse
744 726 910 782 Divitiacum

60 801 189 854 Aeduum
208 817 305 868 magno
324 817 406 869 opere
427 801 584 854 cohortatus
606 801 687 854 docet
706 805 809 869 quanto
826 818 910 871 opere
945 804 950 813 ’

58 877 98 929 rei
119 877 243 945 publicae
263 877 468 945 communisque
489 877 584 930 salutis
602 877 712 931 intersit
732 894 828 932 manus
849 879 910 932 hos-

58 953 128 1005 tium
146 953 278 1018 distineri,
294 955 329 1005 rie
347 969 407 1005 cum
424 955 502 1007 tanta
519 954 696 1007 multitudine
713 970 767 1006 uno
784 957 910 1022 tempore

19 1029 257 1102 ..confligendum
276 1028 318 1080 sit.
356 1027 392 1080 Id
409 1028 469 1081 fieri
485 1046 565 1096 posse
584 1029 606 1081 si
625 1046 686 1082 suas
704 1028 795 1098 copias
817 1031 910 1083 Aedui

57 1104 86 1156 in
109 1104 177 1157 lines
202 1103 406 1157 Bellovacorum
431 1105 634 1158 introduxerint
658 1109 687 1158 et
710 1121 804 1158 comm
828 1122 909 1173 agros

57 1180 181 1248 populari
198 1179 347 1247 coeperint.
383 1180 435 1232 His
453 1180 589 1234 mandatis
607 1198 670 1234 eum
687 1180 721 1234 ab
737 1198 766 1233 se
784 1180 909 1236 dimittit.

58 1256 207 1324 Postquam
233 1272 326 1309 omnes
355 1256 502 1323 Belgarum
531 1257 621 1325 copias
650 1257 679 1310 in
706 1273 789 1309 unum
819 1258 908 1311 locuni

57 1336 164 1386 coactas
180 1331 217 1385 ad
233 1348 263 1385 se
280 1331 373 1385 venire
387 1332 463 1398 vidit,
480 1348 571 1400 neque
584 1333 644 1400 jam
661 1333 741 1400 longe
759 1332 855 1386 abesse
867 1334 908 1386 ah

57 1408 90 1462 iis
108 1425 176 1477 quos
194 1408 306 1461 miserat
324 1408 542 1476 exploratoribus
563 1413 593 1462 et
610 1409 645 1462 ab
664 1408 756 1461 Remis
773 1410 906 1476 cognovit,

57 1484 158 1539 flumen
170 1486 304 1550 Axonam,
317 1485 392 1552 quod
404 1488 446 1538 est
458 1485 485 1536 in
498 1485 629 1538 extremis
639 1485 787 1538 Remorum
800 1485 906 1552 finibus,

56 1561 208 1615 exercitum
245 1560 422 1613 transducere
451 1561 599 1613 maturavit
630 1563 714 1626 atque
748 1561 786 1614 ibi
817 1565 908 1614 castra

56 1638 154 1706 posuit.
192 1639 268 1702 Quae
277 1652 322 1689 res
334 1640 363 1689 et
375 1635 447 1689 latus
459 1652 543 1688 unum
555 1640 706 1689 castrorum
715 1637 780 1704 ripis
789 1637 907 1690 fluminis

56 1714 196 1768 muniebat
218 1716 247 1767 et
269 1715 332 1780 post
357 1728 418 1765 eum
443 1729 513 1780 quae
533 1715 626 1766 essent
647 1715 708 1766 tuta
728 1713 763 1766 ab
784 1713 907 1766 hostibus

56 1789 199 1855 reddebat,
221 1792 250 1842 et
271 1792 439 1841 commeatus
460 1788 495 1841 ab
515 1788 608 1841 Remis
627 1788 794 1857 reliquisque
814 1789 906 1842 civita-

29 1926 32 1931 ,
55 1864 130 1917 tibus
142 1869 174 1918 ut
186 1865 244 1917 sino
253 1865 374 1932 periculo
386 1865 494 1918 adeum
505 1864 609 1933 portari
618 1863 754 1933 possc[n]t
765 1865 907 1920 efficiebat.

57 1940 90 1993 In
109 1958 142 1994 eo
162 1940 272 1993 flumine
291 1957 358 2008 pons
377 1944 444 1994 erat.
481 1941 525 1994 Ibi
546 1940 712 2009 praesidium
733 1941 810 2010 ponit
830 1945 860 1995 et
878 1942 906 1995 in

54 2017 142 2070 altera
152 2019 232 2085 parte
244 2015 361 2069 fluminis
375 2015 405 2078 Q.
419 2017 553 2069 Titurium
567 2016 695 2069 Sabinum
712 2016 833 2083 legatum
845 2035 905 2070 oum

54 2108 103 2144 sex
116 2090 272 2144 cohortibus
285 2091 421 2159 relinquit.
459 2091 557 2146 Castra
568 2092 597 2144 in
613 2093 788 2146 altitudinem
804 2093 906 2162 pedum

54 2182 96 2220 ΧΠ
108 2166 179 2220 vallo
191 2167 317 2234 fossaque
330 2167 519 2235 duodeviginti
531 2168 634 2236 pedum
646 2168 751 2221 munire
759 2167 849 2234 jubet.

107 2249 130 2297 6.
161 2242 208 2296 Ab
220 2243 263 2294 his
276 2243 372 2295 castris
385 2243 515 2311 oppidum
528 2243 677 2296 Remorum
686 2244 794 2297 nomine
803 2243 907 2298 Bibrax

54 2318 151 2372 aberat
162 2319 236 2372 milia
247 2335 376 2386 passuum
388 2334 448 2373 vni.
488 2320 522 2372 ld
534 2337 568 2372 ex
579 2320 678 2374 itinere
690 2337 788 2388 magno
802 2321 908 2389 impetu

55 2394 159 2462 Belgae
168 2410 325 2463 oppugnare
335 2397 491 2463 coeperunt.
519 2396 612 2462 Aegre
621 2413 653 2450 co
665 2396 710 2449 die
722 2400 907 2451 sustentatum

54 2475 104 2525 est.
141 2470 281 2525 Gallorum
300 2471 397 2523 eadem
416 2474 498 2538 atquc
519 2470 667 2538 Belgarum
683 2471 848 2540 oppugnatio
864 2477 908 2527 cst

53 2547 128 2602 haec.
164 2546 219 2601 Ubi
232 2545 406 2614 circumjecta
417 2546 594 2599 multitudine
605 2546 744 2600 hominum
756 2547 823 2600 totis
835 2564 908 2602 moe-

53 2623 132 2677 nibus
144 2623 265 2691 undique
276 2622 305 2676 in
317 2639 425 2675 murum
438 2622 542 2689 lapides
549 2621 606 2689 jaci
618 2622 707 2690 coepti
720 2626 791 2690 sunt,
803 2610 908 2677 murn's-

53 2716 108 2767 que
120 2699 309 2754 defensoribus
320 2698 440 2751 nudatus
452 2703 501 2763 est,
511 2697 651 2752 testudine
663 2698 736 2753 facta
747 2701 841 2766 portes
850 2715 908 2752 sne

53 2776 156 2831 cedunt
173 2791 336 2844 murumque
355 2774 496 2826 subruunt.
534 2772 615 2836 Quod
635 2777 695 2827 tum
715 2773 794 2828 facile
814 2774 906 2829 fiebat.

54 2851 80 2904 N
82 2868 125 2905 am
140 2868 224 2920 quum
240 2854 319 2904 tant-a
334 2849 482 2903 multitudo
496 2848 600 2916 lapides
616 2865 648 2902 ao
661 2849 718 2903 tela
731 2849 906 2918 conjicerent,

53 2927 82 2979 in
101 2944 179 2981 muro
198 2925 364 2981 consistendi
384 2927 508 2993 potestas
528 2927 587 2978 erat
604 2926 679 2980 nulli.
717 2926 805 2990 Quum
825 2927 907 2980 finem

53 3002 227 3070 oppugnandi
239 3019 292 3055 nox
304 3001 421 3068 fecisset,
431 3000 519 3055 Iccius
529 2999 640 3069 Remus,
650 3017 755 3055 summa
763 3001 907 3055 nobilitate

52 3081 82 3128 et
94 3079 183 3144 gratia
194 3079 267 3131 inter
280 3093 349 3142 suos,
362 3077 409 3144 qui
420 3079 480 3130 tum
495 3073 595 3144 oppido
610 3077 773 3144 praefuerat,
785 3092 855 3131 unus
871 3092 906 3131 ex

52 3151 87 3206 iis
99 3153 145 3222 qui
158 3152 240 3220 legati
252 3151 288 3206 tle
299 3168 366 3221 paco
378 3151 414 3205 ad
427 3151 572 3205 Caesarem
583 3154 724 3219 venerant,
732 3151 858 3207 nuntium
870 3153 907 3208 ad
