2018 3396
85 108 133 162 124
340 115 370 163 O.
389 113 488 162 JULII
508 114 679 162 CAESARJS

84 195 165 262 tibus,
184 195 340 262 circumque
365 194 531 260 Narbonem,
551 212 620 262 qnae
640 195 698 248 loca
716 178 842 251 liestibus
859 201 942 253 erant

84 272 205 332 linitimn,
217 270 373 324 constituit:
392 274 499 338 partem
515 271 653 338 copiarum
669 288 703 324 ex
722 273 863 340 provincia
878 290 930 342 sup

83 346 305 415 plemcntmnque
318 347 393 415 qnod
405 364 439 400 ex
453 347 536 400 ltalia
550 347 705 401 adduxerat
717 349 745 400 in
761 348 883 418 Helvios,
892 349 941 418 qui

84 423 153 476 fines
166 422 354 476 Aruernorum
367 422 536 490 contingunt,
549 423 693 477 convenire
703 423 791 491 jubet.

136 503 162 553 8.
198 497 251 550 His
266 497 349 551 rebus
368 499 540 566 comparatis,
553 515 678 566 represso
692 499 752 567 jam
767 500 897 555 Lucterio
910 504 942 556 et

83 576 198 642 remoto,
211 574 286 641 quod
298 574 421 628 intrare'
414 592 441 626 m
444 578 488 628 tra
507 574 645 642 praesidia
663 575 842 644 periculosum
861 581 942 665 puta·

84 648 166 717 bat,
158 666 187 702 m
206 649 320 702 Helvios
337 650 526 718 proficiscitur
564 651 625 705 Etsi
642 667 720 704 mons
737 651 875 721 Cevenna,
892 652 941 720 qni

86 729 226 780 Arvernos
237 725 274 778 ab
293 725 400 778 llelsiis
419 726 556 794 discludit,
572 726 717 780 durissimo
733 731 859 818 tempore
875 728 941 782 anni

84 794 218 855 altissima
235 802 297 854 nive
316 801 370 855 iter
394 802 569 870 impediebat,
589 807 682 856 tamen
700 803 814 858 discissa
830 804 895 859 nive
911 805 941 859 in

84 877 259 931 altitudinem
278 877 378 946 pedum
396 894 426 931 ιιι
444 882 528 947 atque
545 879 585 932 ita
599 879 651 932 viis
668 880 820 948 patefactis,
833 896 941 934 summe

84 953 202 1006 militum
214 953 308 1007 labore
320 954 356 1007 ad
370 953 438 1007 fines
459 957 646 1008 Αιιιιιιοιιιιιι
664 956 797 1024 pervenit.
835 955 942 1020 Quibus

84 1029 221 1097 oppressis
233 1029 445 1097 inopinantibus,
455 1031 530 1099 quod
542 1047 573 1086 se
586 1031 712 1086 (lavenna
719 1033 751 1085 ιιι
762 1048 841 1084 mum
853 1033 941 1085 niuni-

83 1107 128 1158 tos
139 1105 343 1172 existimabant,
350 1122 382 1158 ae
390 1122 425 1159 ne
436 1106 567 1174 singulari
577 1107 688 1176 quidem
697 1123 828 1176 umquam
837 1106 942 1162 bomini

83 1196 117 1233 co
128 1184 252 1249 tempere
265 1181 328 1234 anni
341 1181 455 1235 semitae
467 1186 621 1250 patuerant,
630 1183 770 1251 equitibus
777 1183 896 1252 imperat
908 1187 942 1238 ut

83 1273 166 1324 quam
178 1256 313 1310 latissime
324 1257 431 1326 possint
443 1263 584 1326 vagentur,
592 1263 621 1312 et
631 1275 712 1326 quam
722 1259 871 1312 maximnm
880 1259 942 1313 bes-

83 1333 160 1386 tibus
172 1335 308 1386 terrorem
322 1333 446 1387 inferant.
482 1335 617 1388 Celeriter
627 1334 694 1388 haec
706 1335 822 1388 fumeae
834 1335 942 1390 nunciis

83 1409 120 1462 ad
130 1408 386 1477 Vercingetbrigem
399 1409 593 1478 perferuntnr;
606 1427 687 1479 quem
696 1410 838 1480 perterriti
845 1427 942 1464 omnes

85 1485 203 1538 Arverni
222 1484 428 1538 circumsistunt
443 1489 531 1553 atque,
540 1485 688 1540 obsecrant
704 1489 738 1540 nt
753 1486 809 1539 suis
821 1486 942 1540 fortunis

83 1561 214 1627 consulat,
228 1577 281 1614 nen
294 1577 324 1615 se
335 1560 372 1614 ab
388 1560 514 1614 hostibus
528 1560 611 1630 diripi
629 1561 758 1633 patiatur,
777 1562 941 1630 praesertim

84 1652 168 1703 quum
187 1635 280 1689 videat
296 1652 377 1689 omne
394 1635 430 1689 ad
448 1652 478 1690 se
494 1636 597 1689 bellum
610 1636 782 1691 translatum.
817 1634 941 1699 Quorum

83 1711 130 1764 ille
148 1711 275 1780 precibus
283 1715 434 1780 permotus
451 1715 543 1766 castra
559 1727 594 1765 ex
613 1711 785 1779 Biturigibus
801 1714 896 1766 moret
911 1711 941 1766 in

86 1789 227 1840 ¹Aruernos
239 1803 342 1840 versus.

136 1867 159 1915 9.
197 1864 239 1915 At
259 1861 360 1915 Caesar
382 1861 496 1916 biduum
521 1862 549 1916 in
568 1862 611 1916 bis
633 1862 700 1916 locis
717 1864 848 1931 meratus,
866 1863 942 1932 quod

83 1937 429 2006 lacedeVereingetorige
437 1955 487 1991 usu
497 1939 744 2007 venturaopinione
752 1943 942 2007 praeceperat,

83 2030 133 2080 per
146 2029 253 2066 musam
270 2013 454 2081 supplementi
470 2014 665 2083 equitatusque
681 2015 796 2082 eogendi
813 2014 849 2067 ab
863 2025 950 2068 exere

84 2089 141 2142 citu
153 2087 286 2152 diseedit;
305 2088 423 2142 Brutum
435 2089 637 2144 adolescentem
649 2089 694 2143 his
705 2090 789 2158 copiis
800 2090 941 2160 praeficit3

83 2165 155 2217 lrnnc
167 2168 261 2217 monet
277 2167 310 2218 ut
326 2165 353 2217 in
370 2180 463 2218 omnes
480 2169 575 2234 partes
589 2166 697 2235 equites
714 2183 795 2234 qnam
808 2165 941 2220 latissime

83 2243 286 2308 pervagentur:
304 2239 434 2293 daturum
454 2258 484 2295 se
500 2258 611 2310 operam
627 2259 663 2295 ne
674 2242 784 2309 longius
795 2241 887 2294 triduo
903 2241 942 2294 ab

84 2316 182 2369 eastris
193 2314 271 2370 absit.
310 2316 362 2368 His
379 2317 537 2372 constitutis
552 2318 643 2386 rebus,
657 2318 714 2370 suis
727 2316 941 2385 inopinantibus,

84 2408 166 2460 quam
179 2391 304 2444 niaximis
316 2395 411 2460 petest
423 2391 568 2448 itineribus
578 2394 713 2447 Viennam
726 2393 861 2461 peruenit.
893 2392 941 2447 lbi

83 2471 181 2521 metus
192 2470 330 2521 recentem
343 2469 504 2537 equitatum,
518 2486 599 2538 quem
612 2469 707 2523 multis
719 2473 785 2522 ante
796 2468 893 2522 diebus
905 2485 941 2522 eo

84 2543 272 2612 praemiserat,
285 2543 487 2612 neque'diurno
499 2562 590 2613 neque
602 2548 736 2599 nocturno
747 2545 846 2598 itinere
854 2544 940 2598 inter·

84 2620 173 2686 nrisse,
190 2636 242 2688 per
259 2620 329 2674 fines
347 2621 509 2693 Aeduorum
527 2621 556 2673 in
575 2620 711 2687 Lingones
729 2619 871 2674 contendit
890 2619 940 2675 ubi

84 2696 155 2749 rinae
166 2696 288 2763 legiones
300 2696 466 2762 hiemabant,
479 2699 518 2763 ut,
532 2696 555 2750 si
568 2697 634 2765 quid
647 2696 731 2750 etiann
744 2696 782 2750 de
793 2712 842 2750 sua
850 2695 940 2750 salute

82 2771 119 2824 ab
133 2771 238 2827 Aeduis
249 2773 366 2826 iniretur
383 2772 493 2838 consilii,
506 2773 648 2827 celeritate
665 2776 864 2841 praecurreret.
898 2772 940 2826 Eo

43 2804 47 2901 b
82 2864 168 2915 quum
186 2848 363 2936 pervenisset,
376 2847 412 2901 ad
428 2848 549 2917 reliquas
563 2848 684 2916 legiones
696 2847 761 2901 mitt
750 2848 792 2914 tit,
807 2848 940 2916 priusque

81 2938 177 2978 onmes
190 2924 311 2978 inunum
325 2924 412 2978 locum
432 2925 505 3021 cogit
519 2941 602 2992 qnam
620 2922 696 2978 de
671 2940 732 2992 eJus
748 2924 869 2977 adventu
885 2926 940 2976 Ar·

80 3001 171 3052 ternis
186 3000 313 3056 nunciari
328 3004 434 3072 posset.
439 2984 536 3055 Ἠιιι
552 3017 585 3054 re
602 3000 715 3067 cognita
728 2999 944 3062 Vercingetorix

63 3077 189 3126 rursus'
174 3093 206 3129 ιιι
224 3077 373 3150 Bituriges
390 3082 553 3137 exercitum
568 3076 694 3140 reducit,
709 3077 798 3139 aisque
807 3071 878 3119 xnus
891 3084 958 3130 bl*

47 3137 161 3218 Octns[
159 3151 356 3231 Gergoviam]
367 3160 513 3217 Boiorum
524 3153 681 3229 oppidum,
687 3142 813 3217 spissim
821 3137 977 3190 mesenen
