2018 3396
450 147 558 194 LIBER
575 145 609 194 V.
931 98 963 202 8·7

10 210 84 238 ’Ν
161 235 202 283 29.
239 228 341 282 Contra
364 243 397 281 ea
421 227 543 281 Titurius
568 244 629 281 sero
653 228 774 282 facturos
798 225 961 282 clamitabat

110 321 194 372 quum
206 303 323 372 majores
339 320 435 358 manus
451 303 571 357 hostium
587 303 724 370 adjunctis
741 303 885 357 Germanis
901 321 963 357 con-

110 381 254 445 venissent,
279 384 327 433 aut
355 397 439 447 quum
463 379 567 448 aliquid
592 380 753 433 calamitatis
775 380 803 432 in
830 380 963 448 proximis

110 456 231 509 hibernis
243 460 315 509 esset
327 459 481 524 acceptum:
500 456 612 509 brevem
625 455 781 508 consulendi
793 472 853 508 osse
866 456 963 508 occasi-

111 547 205 585 onem:
219 532 363 586 Caesarem
376 522 505 586 arbitrari
520 532 673 601 profectum
685 531 713 583 in
732 530 856 595 Italicum
873 546 963 598 neque

110 607 190 661 alitor
214 608 348 661 Carnutes
371 607 552 661 interficiendi
576 607 695 675 Tasgetii
720 606 860 660 consilium
880 606 964 661 fuisse

111 689 245 752 capturos,
253 701 341 752 noque
351 682 499 752 Eburones,
509 684 532 737 si
540 683 587 738 ille
596 685 713 751 adesset,
723 687 801 737 tanta
810 682 895 752 [cnm]
904 701 964 738 eon-

111 760 261 828 temptione
277 761 363 814 nostri
381 760 417 813 ad
433 764 523 814 castra
541 764 672 814 venturos
691 777 763 813 esse:
784 776 836 812 nou
856 759 963 814 hostem

111 841 248 890 auctorem
268 836 317 889 scd
336 853 394 888 rem
413 840 553 903 spectare;
573 837 685 890 subesse
705 836 844 900 Ithcnumj.
865 853 963 904 magno

111 926 170 964 esse
195 911 338 965 Germanis
359 912 445 966 dolori
468 912 599 966 Ariovisti
620 917 737 966 mortem
759 917 788 966 ct
809 913 963 980 superiores

110 991 218 1041 nostras
230 989 371 1043 rictorias:
384 989 482 1042 ardore
494 989 618 1054 Galliam,
630 991 674 1042 tot
686 988 856 1042 containcliis
871 1004 952 1055 accep

111 1064 148 1116 tis
172 1064 222 1116 sub
241 1065 334 1133 populi
357 1065 471 1120 Ronlani
491 1064 634 1132 imperium
653 1065 801 1130 redactam,
823 1064 963 1130 superiore

110 1138 196 1206 gloria
216 1141 262 1193 roi¹
275 1141 400 1194 militaris
420 1141 561 1194 exstincta.
599 1139 741 1193 Postremo
760 1140 821 1208 quis
840 1140 891 1192 lioc
910 1139 963 1192 sibi

110 1216 290 1282 persuaderet
310 1217 368 1269 sine
379 1219 456 1269 certa
467 1232 497 1268 re
510 1215 696 1282 Ambiorigem
709 1215 744 1268 ad
756 1215 890 1282 ejusmodi
902 1230 963 1268 eou-

110 1291 199 1344 silium
230 1291 421 1347 descendisset
459 1291 540 1344 Suam
569 1291 734 1344 senteutiam
762 1291 791 1343 iu
819 1294 963 1358 utramque

110 1370 217 1434 partem
230 1384 289 1420 csse
307 1372 410 1420 tutam:
428 1367 451 1420 si
467 1367 534 1419 nihil
551 1367 587 1420 sit
603 1367 705 1432 durius,
723 1367 796 1419 nullo
813 1383 873 1420 cum
891 1367 962 1434 peri·

110 1442 170 1494 culo
182 1443 218 1494 ad
231 1443 380 1510 proximam
392 1443 527 1509 legionem
539 1447 733 1510 perventuros3
746 1443 769 1495 si
779 1442 867 1495 Gallia
876 1442 962 1495 omnis

110 1533 172 1569 cum
186 1518 330 1571 (lerinauis
342 1518 501 1582 consentiat,
517 1534 598 1571 unam
615 1534 675 1571 esse
691 1519 719 1570 in
735 1518 876 1571 celeritate
891 1517 969 1586 posi--

110 1596 168 1644 tam
181 1593 305 1647 salutem.
343 1594 441 1647 Cottae
459 1592 570 1660 quidem
586 1596 670 1660 atque
687 1610 781 1647 eorum
798 1593 845 1661 qui
860 1593 963 1647 dissen-
998 1595 1008 1613 ⁸

110 1669 196 1723 tinent
213 1670 354 1723 consilinm
374 1686 455 1737 quem
474 1669 589 1723 liaberet
607 1670 728 1723 exituml
747 1670 774 1722 in
794 1685 850 1737 quo
868 1670 890 1722 si
908 1686 961 1721 non

110 1761 240 1812 praesens
251 1746 409 1814 periculum,
421 1749 452 1800 at
467 1746 543 1800 certe
559 1745 706 1814 longinqua
722 1745 861 1799 obsidione
876 1746 962 1798 samm

110 1824 183 1875 esset
194 1821 322 1875 timenda.
339 1879 340 1883 ,
676 1882 680 1889 ,

162 1903 202 1952 30.
240 1898 301 1951 Hac
319 1898 347 1951 in
368 1899 640 1966 utramquepartem
660 1896 845 1965 disputatione
865 1896 960 1950 habita

110 1988 193 2040 quum
209 1990 226 2026 a
242 1974 324 2028 Cotta
339 1973 488 2042 primisque
505 1972 647 2026 ordinibus
663 1973 763 2026 aeriter
780 1973 961 2038 resisteretur,

110 2048 227 2115 Vincite,
240 2049 336 2118 inquit,
350 2049 371 2102 si
384 2049 424 2102 ita
436 2049 526 2114 vultis,
539 2048 663 2114 Sabinus,
676 2051 705 2102 et
717 2048 746 2101 id
762 2048 877 2102 elzariore
894 2066 960 2103 rone

109 2128 141 2177 ut
153 2141 251 2192 magna
262 2141 325 2192 pars
337 2124 454 2177 militum
466 2124 624 2180 exaudiret:
641 2140 731 2192 neque
742 2124 767 2176 is
784 2141 851 2187 snm,
863 2124 960 2193 inquit,

110 2200 157 2268 qui
180 2200 339 2267 gravissime
362 2217 398 2254 cx
421 2196 505 2253 vobis'
520 2200 617 2254 mortis
644 2200 765 2268 periculo
790 2203 908 2254 terrear:
931 2200 959 2253 hi

109 2279 223 2344 sapient,
234 2278 263 2330 et
275 2276 298 2330 si
310 2276 419 2344 gravius
432 2275 499 2346 quid
511 2276 649 2342 acciderit,
661 2275 710 2329 abs
725 2278 754 2329 tc
771 2276 904 2329 rationem
922 2293 962 2328 rc-

109 2356 238 2419 posccnt;
255 2352 309 2420 qni,
323 2352 346 2406 si
360 2369 409 2421 per
421 2355 451 2406 to
463 2352 551 2418 liceat,
564 2350 713 2420 perendino
730 2351 776 2404 dic
792 2368 854 2404 cum
871 2352 960 2419 prori-

109 2428 160 2479 mis
181 2427 302 2480 hibernis
320 2427 458 2496 conjuncti
478 2443 649 2481 communem
673 2443 735 2480 cum
759 2427 872 2494 reliquis
897 2427 960 2480 belli

109 2519 201 2556 casum
213 2503 372 2567 sustineant,
380 2519 434 2557 non
446 2502 542 2570 rejecti
554 2505 583 2557 et
595 2501 709 2570 relegati
722 2502 803 2569 longe
815 2501 850 2555 ab
862 2502 961 2556 ceteris

108 2582 158 2631 aut
169 2579 241 2632 ferro
254 2584 301 2632 aut
314 2579 386 2632 scanie
398 2580 542 2632 intereant,
969 2588 980 2611 ⁸

159 2660 200 2708 31.
238 2654 417 2720 Consrugitur
428 2670 462 2706 ox
474 2652 598 2719 consilio;
610 2653 845 2721 comprehendunt
856 2654 960 2707 utrum·

109 2745 163 2797 que
182 2733 211 2783 et
230 2735 309 2784 orant
328 2731 372 2784 Ne
391 2747 440 2784 sua
458 2729 624 2783 dissensione
643 2733 673 2782 et
691 2729 841 2797 pertinacia
859 2745 917 2782 rem
932 2729 960 2781 in

109 2821 242 2858 summum
262 2805 413 2874 periculum
435 2806 586 2860 deducant:
609 2804 715 2858 facilem
739 2821 799 2858 esse
822 2820 888 2870 rem,
913 2820 962 2858 seu

108 2884 236 2935 maneant
249 2897 297 2934 sen
308 2882 522 2949 proficiscantur,
534 2882 557 2935 si
569 2880 650 2933 modo
662 2897 746 2934 unum
766 2896 860 2933 omnes
878 2881 962 2934 senti-

109 2960 157 3010 ant
169 2973 200 3010 ae
211 2956 343 3026 probent;
362 2961 457 3012 eontra
468 2959 497 3011 in
509 2957 675 3014 dissensione
686 2956 792 3010 nullam
799 2972 829 3009 se
845 2954 962 3008 salutern

73 3043 76 3049 '
108 3033 271 3102 perspicere.
308 3033 363 3087 Itos
376 3034 559 3102 disputatione
571 3033 607 3086 ad
618 3033 736 3087 mediam
745 3034 852 3086 noctem
861 3030 962 3099 perdu-

108 3109 193 3165 citur:
210 3109 323 3163 tandem
335 3110 384 3164 dat
397 3111 481 3164 Cotta
491 3113 638 3180 permotus
649 3125 770 3162 manus.
781 3107 906 3168 superas.
916 3111 988 3145 aze.-

108 3185 194 3241 tentie
211 3183 313 3243 Sabini
349 3185 558 3244 Pronunoiatur
575 3184 677 3255 prims.
684 3183 761 3236 unce
770 3177 894 3228 suesce.
906 3170 1008 3213 enm*-
