2018 3396
86 121 117 166 se
344 119 374 166 e.
394 116 496 166 suun
513 84 685 164 caussam

85 197 194 251 nomine
206 195 342 263 dolebant,
355 199 386 251 et
398 197 534 251 Romanos
546 213 600 251 non
613 197 700 251 solum
705 174 843 250 itinerum
856 214 940 253 eausa

85 273 136 326 sed
147 273 230 326 etiam
239 276 391 341 perpetuae
403 273 581 341 possessionis
597 273 716 327 culmina
733 273 846 341 Alpium
863 290 941 328 oceu-

85 365 152 417 pare
172 349 262 401 conari
282 352 311 401 et
333 365 366 402 ea
384 348 443 402 loca
460 348 592 403 finitimae
611 349 767 417 provinciae
786 347 939 418 adjungere

84 424 135 478 sibi
149 440 309 493 persuasum
322 424 468 479 habebant.

35 526 72 551 a
138 505 162 554 3.
199 499 253 553 His
264 500 368 554 nuntiis
380 500 500 568 acceptis
517 499 611 567 Galba,
623 515 708 569 quum
720 515 810 569 neque
821 493 890 570 opus
901 503 941 556 hi-

83 575 232 630 bernerum
244 575 466 645 munitionesque
482 575 562 645 plene
579 579 672 629 essent
689 576 835 646 perfectae,
848 595 940 646 neque

84 652 120 706 de
131 652 269 705 frumento
281 651 442 720 reliquoque
455 654 608 704 commeatu
621 651 688 704 satis
701 655 774 705 esset
789 652 938 720 provisum,

84 728 157 796 qnod
181 726 322 781 deditione
347 727 420 780 facta
444 725 641 794 obsidibusque
665 725 785 795 acceptis
810 727 877 780 nihil
904 730 940 783 de

83 803 154 857 bello
170 803 321 857 timendum
340 802 552 867 existimaverat,
571 801 682 855 consilio
700 801 826 855 celeriter
841 819 939 857 conve

82 882 145 934 cato
157 879 307 932 sententias
320 878 464 947 exquirere
478 877 575 946 eoepit.
612 878 672 941 Quo
684 877 711 929 in
723 877 841 944 consilio,
854 896 939 946 quum

75 959 190 1019 ,tantum
203 954 338 1022 repentini
354 953 467 1021 periculi
487 956 598 1020 praeter
616 953 771 1021 opinionem
787 953 938 1021 accidisset,

82 1030 187 1099 sejam
205 1029 369 1083 omniafere
391 1028 531 1095 superiora
550 1027 609 1081 loea
627 1027 804 1081 multitudine
823 1035 940 1082 armato

82 1123 144 1159 rum
167 1105 301 1173 completa
330 1104 558 1172 conspicerentur,
584 1120 673 1172 neque
702 1103 825 1158 subsidio
850 1105 938 1158 veniri

82 1198 171 1251 neque
183 1184 351 1236 commeatus
368 1180 525 1248 supportari
542 1179 698 1233 interclusis
717 1177 862 1233 itineribus
877 1196 939 1248 pes-

82 1260 152 1326 sent,
167 1273 253 1326 prope
268 1255 328 1324 jam
345 1256 493 1324 desperata
509 1255 598 1308 salute
617 1254 763 1308 nonnullae
781 1254 938 1322 hujusmodi

83 1334 237 1388 sententiae
264 1332 433 1396 dicebantur,
453 1336 485 1385 ut
509 1330 713 1399 impedimentis
735 1330 838 1384 relictis
859 1328 938 1399 erupi

82 1409 158 1464 tione
170 1409 242 1464 faeta
253 1407 351 1462 iisdem
370 1407 515 1461 itineribus
531 1405 630 1474 quibus
647 1422 680 1460 eo
696 1405 885 1474 pervenissent
902 1407 938 1460 ad

82 1483 414 1540 salutem'oontcnderent
453 1481 554 1550 Majori
571 1485 664 1535 tamen
679 1480 753 1548 parti
768 1480 871 1549 placuit
887 1481 937 1536 hoc

83 1559 277 1623 reservatoad
298 1563 451 1614 extremum
474 1558 586 1612 oonsilio
607 1557 718 1611 interim
743 1555 785 1610 rei
808 1559 937 1610 eventum

83 1636 201 1705 experiri
216 1640 245 1689 et
257 1638 348 1688 caetra
363 1633 518 1687 defendere.

133 1717 157 1766 4.
193 1710 276 1765 Brevi
300 1709 390 1778 spatio
415 1707 561 1776 interjecto
586 1706 631 1760 vix
651 1709 683 1760 ut
702 1705 745 1759 his
764 1705 847 1760 rebus
868 1724 937 1775 quas

82 1788 287 1842 constituissent
315 1784 480 1839 collocandis
510 1787 594 1851 atque
618 1781 845 1836 administrandis
869 1785 938 1835 tem-

83 1879 135 1930 pus
147 1863 267 1928 daretur,
280 1861 374 1916 hostes
386 1877 420 1915 ex
434 1859 560 1913 omnibus
572 1858 698 1927 partibus
715 1857 792 1924 signo
809 1855 873 1910 dato
890 1858 938 1912 de

84 1954 202 2004 currere,
218 1937 323 2005 lapides
343 1953 480 2005 gaesaque
496 1936 524 1988 in
545 1934 645 1987 vallum
664 1933 807 2001 conjicere.
842 1933 938 1987 Nostri

83 2014 171 2081 prirno
190 2012 305 2080 integris
323 2012 428 2066 viribus
444 2011 553 2065 fortiter
569 2025 723 2079 repugnare
742 2023 832 2074 neque
850 2008 936 2062 ullum

82 2090 185 2142 frustra
207 2088 293 2142 telum
312 2104 347 2142 ex
365 2088 424 2142 loco
447 2086 586 2155 superiore
606 2086 736 2149 mittere3
756 2089 789 2141 ut
813 2100 937 2152 quaeque

81 2179 146 2233 pars
169 2168 320 2217 castrorum
344 2163 448 2217 nudata
470 2161 658 2216 defensoribus
677 2159 765 2228 premi
784 2158 937 2228 videbatur,

82 2255 116 2293 eo
128 2255 271 2293 occurrere
287 2243 317 2292 et
336 2239 468 2292 auxilium
485 2239 565 2305 ferre,
583 2237 633 2291 sed
651 2237 702 2290 hoe
720 2235 843 2303 superari
862 2236 937 2302 quod

83 2314 267 2368 diuturnitate
279 2331 388 2382 pugnae
401 2314 495 2368 hostes
512 2313 612 2367 defessi
630 2312 735 2382 proelio
755 2310 934 2378 excedebant,

83 2391 128 2444 alii
142 2390 255 2457 integris
270 2390 374 2444 viribus
387 2390 588 2454 succedebant,
608 2405 724 2458 quarum
736 2403 829 2442 rerum
844 2403 861 2440 a
876 2402 937 2440 nos-

82 2466 135 2521 tris
146 2469 260 2533 propter
273 2466 439 2533 paucitatem
451 2465 512 2519 fleri
523 2464 592 2518 nihil
604 2467 721 2534 poterat,
738 2479 770 2516 ac
785 2478 840 2515 uon
855 2462 937 2516 modo

84 2541 191 2595 defesso
216 2558 250 2594 ex
274 2557 367 2609 pugna
390 2540 549 2605 excedendi,
573 2540 623 2594 sed
646 2556 682 2592 ne
705 2538 797 2592 saucio
824 2537 936 2606 quidem

83 2616 144 2684 ejus
160 2617 212 2671 loci
231 2616 279 2670 ubi
295 2618 458 2671 constiterat
477 2615 651 2683 relinquendi
670 2631 702 2668 ae
723 2615 765 2668 sui
785 2612 937 2680 recipiendi

82 2692 199 2746 facultas
212 2692 337 2747 dabatur.

33 2792 45 2801 ··
137 2774 162 2822 5.
199 2768 288 2833 Quum
294 2765 560 2835 jamampliushon's
568 2764 936 2832 sexcentinenterpugnare-

83 2847 138 2910 tur,
146 2859 179 2898 ae
190 2860 244 2897 non
257 2843 344 2898 solum
356 2841 428 2896 vires
441 2841 490 2896 sed
502 2841 586 2894 etiam
598 2841 654 2894 tela
665 2840 766 2894 nostris
778 2839 935 2907 deficerent,

84 2922 168 2986 atque
182 2917 275 2972 hostes
290 2919 380 2973 acrius
395 2918 530 2971 instarent
545 2915 817 2985 languidioribusque
833 2917 935 2970 nostris

84 2994 182 3045 milam
204 2994 332 3048 solndcre
348 2997 379 3048 ot
396 2994 483 3048 fossas
500 2993 639 3062 complere
658 2993 820 3060 coepissent,
834 3008 934 3058 rosque

61 3069 142 3118 essct
156 3066 287 3142 samad
312 3076 475 3127 extremum
498 3070 641 3144 perducta
663 3065 820 3132 casnm,l’.
833 3063 950 3116 sexum

41 3134 181 3208 Baculus,
190 3143 286 3212 primi
295 3148 350 3218 pili
364 3150 511 3222 centurio,
522 3165 614 3222 quem
625 3143 755 3203 Neruico
764 3133 875 3208 proelio
888 3144 964 3184 cam·
