2018 3396
96 112 143 160 128
356 109 383 157 Ο.
403 109 420 157 J
424 108 505 158 ULII
522 106 697 156 CAESARIS

92 191 231 252 munitum'
243 195 279 250 ab
292 195 410 250 Avarico
421 196 502 264 longe
513 195 592 249 milia·
598 210 728 262 passuum
740 208 798 248 xvr.
835 193 881 248 Ibi
899 210 949 264 per

86 277 184 328 certos
208 273 395 342 exploratores
418 273 446 325 in
467 271 572 340 singula
591 270 647 324 diei
667 274 794 339 tempora
816 287 890 340 quae
912 270 949 325 ad

95 349 243 403 Araricum
263 353 411 417 agerentur
431 347 618 416 cognoscebat,
639 345 756 415 etquid
779 346 840 400 fieri
864 346 949 402 vellet

93 425 259 494 imperabat:
289 441 383 478 omnes
407 428 515 477 nostras
541 422 732 492 pabulationes
757 422 950 478 frumentatio·

93 517 197 569 nesque
208 500 380 567 observabat,
399 500 599 568 dispersosque,
622 515 706 568 quum
725 499 834 566 longius
855 515 938 554 neces

94 576 165 629 sario
189 575 376 644 procederent,
397 574 577 628 adoriebatur
597 590 751 642 magnoque
774 574 950 629 incommodo

93 651 235 718 alliciebat,
255 651 316 717 etsi,
336 654 469 719 quantum
488 649 595 704 ratione
615 650 753 718 provideri
771 652 891 718 poterat,
911 650 948 705 alr

92 727 193 781 nostris
206 725 400 780 occurrebatur
411 728 443 780 ut
454 725 566 780 incertis
584 725 755 794 temporibus
772 724 948 795 diversisque

92 802 238 856 itineribus
250 802 346 856 iretur.

147 884 186 935 17.
222 877 327 932 Castris
341 878 378 931 ad
399 893 459 930 eam
478 879 586 945 partem
604 876 699 946 oppidi
718 876 817 945 positis
836 877 948 944 Cacsar,

93 969 165 1021 quae
180 953 337 1007 intermissa
352 970 370 1006 a
386 952 497 1006 flumine
516 955 546 1005 et
561 951 662 1021 palude
679 952 793 1018 aditum,
812 954 845 1006 ut
863 969 949 1021 supra

93 1029 219 1095 diximus,
239 1032 386 1096 angustum
403 1027 530 1095 habebat,
549 1043 678 1096 aggerem
696 1044 836 1097 apparare,
853 1026 949 1083 vincas

93 1121 182 1172 agere,
195 1108 286 1159 turres
295 1104 364 1158 duas
373 1103 539 1158 constituere
547 1103 651 1173 coepit3
668 1103 949 1160 nameirrumvallare
982 1105 988 1115 '

94 1179 145 1233 loci
157 1184 254 1234 natura
264 1180 435 1248 prohibebat.
471 1179 514 1233 De
525 1196 556 1232 re
568 1179 747 1241 frumentaria
758 1179 841 1232 Boios
860 1183 947 1249 atquc

96 1256 209 1310 Aeduos
232 1255 374 1310 adhortari
399 1272 453 1309 non
472 1254 593 1315 destitit;
621 1271 737 1324 quorum
759 1254 848 1323 alteri,
871 1255 948 1324 quod

93 1332 169 1386 rndlo
190 1332 282 1397 studio
301 1331 429 1402 agebant,
451 1347 506 1384 non
524 1330 641 1384 multum
661 1329 845 1398 adjuvabant3
866 1330 949 1385 alteri

93 1425 147 1461 non
178 1409 284 1477 magnis
312 1407 496 1474 facultatlbus,
526 1406 600 1474 quod
628 1407 724 1460 civitas
755 1408 816 1460 erat
847 1407 949 1474 exigua

94 1487 124 1538 et
147 1484 262 1552 infirma,
281 1483 408 1538 celeriter
431 1483 506 1551 quod
531 1483 686 1537 habuerunt
711 1486 948 1551 consumpserunt

95 1561 207 1614 Summa
231 1560 393 1616 difficultate
416 1557 458 1611 rei
478 1558 673 1612 frumentariae
697 1557 794 1612 allecto
817 1559 943 1612 exercitu

94 1637 233 1700 tenuitate
258 1635 396 1701 Boiorum,
419 1633 593 1702 indiligentia
619 1633 787 1700 Aeduorum,
811 1633 949 1688 incendiis

95 1712 289 1779 aedificiorum,
307 1727 394 1778 nsque
413 1725 446 1764 eo
457 1702 498 1763 'ut
514 1709 667 1778 complures
689 1709 748 1763 dies
769 1708 871 1762 milites
891 1709 958 1774 frus

93 1792 187 1841 mento
199 1788 343 1854 caruerint,
362 1791 391 1840 et
410 1801 508 1854 pecore
527 1802 543 1838 e
562 1784 799 1853 longinquioribus
819 1784 887 1838 vicis
899 1785 949 1839 ad-

95 1868 157 1916 acto
181 1866 333 1916 extremam
356 1862 456 1916 famem
479 1864 675 1927 sustentarent,
691 1860 765 1913 nulla
781 1862 875 1914 tamen
893 1877 948 1915 vox

93 1942 137 1991 cst
149 1937 184 1991 ab
193 1938 226 1992 iis
236 1939 331 1992 audita
339 1937 432 2006 populi
443 1937 558 1990 Romani
568 1936 713 2005 majestate
722 1938 751 1990 et
760 1930 948 2004 superi'oribus
975 1960 981 1969 ·

93 2013 215 2066 victoriis
236 2013 356 2081 indigna.
393 2010 567 2076 Quinetiam
590 2013 690 2067 Caesar
708 2028 792 2080 quum
813 2011 842 2064 in
861 2028 948 2080 opere

94 2088 215 2156 singulas
238 2088 362 2156 legiones
384 2087 544 2158 appellaret,
569 2092 605 2153 et,
629 2089 653 2141 si
676 2088 800 2142 acerbius
825 2088 947 2158 inopiam

92 2164 206 2230 ferrent,
219 2179 250 2217 se
262 2163 439 2217 dimissurum
448 2163 681 2232 oppugnationem
694 2163 807 2230 diceret,
823 2158 947 2219 universi

92 2240 173 2293 abeo
190 2256 225 2293 ne
243 2239 272 2292 id
290 2234 393 2294 faceret
411 2235 556 2307 petebant:
578 2240 624 2296 Sic
641 2255 671 2293 se
688 2239 841 2308 complures
858 2256 946 2294 annos

91 2316 138 2368 illo
158 2315 311 2383 imperante
328 2316 508 2369 meruissent
528 2315 630 2369 nullam
644 2315 819 2384 ignominiam
838 2316 945 2385 accipe-

91 2395 162 2457 rent,
174 2407 307 2458 nusquam
316 2389 416 2445 infeeta
427 2408 458 2445 re
467 2391 654 2461 discederent:
671 2391 722 2446 hoe
735 2408 765 2445 se
778 2391 945 2459 ignominiae

92 2467 197 2521 laturos
216 2467 281 2534 loco,
303 2466 326 2521 si
345 2466 483 2542 inceptam
502 2468 731 2535 oppugnationem
754 2467 944 2534 reliquissent:

91 2547 233 2612 praestare
246 2559 340 2596 omnes
352 2544 476 2611 perferre
487 2543 653 2598 acerbitates
667 2560 749 2612 quarn
767 2560 821 2596 non
837 2543 944 2598 civibus

93 2619 231 2688 Itonranis‚
255 2618 302 2687 qui
326 2618 433 2672 Genabi
457 2619 574 2685 perfidia
603 2618 743 2673 Gallorum
773 2618 943 2688 interissent,

90 2698 276 2764 parentarent.
317 2694 395 2748 Hace
422 2693 520 2748 eadem
543 2694 747 2749 centurionibus
768 2693 943 2764 tribunisque

59 2795 61 2799 ·
91 2772 209 2825 militum
232 2769 408 2838 mandabant,
433 2773 464 2825 ut
484 2784 535 2840 per
554 2787 601 2825 eos
621 2770 659 2825 ad
682 2770 827 2826 Gaesarem
851 2769 942 2826 dolor-

90 2852 194 2902 rentur.
424 2900 433 2915 5

41 2984 55 3003 ο
144 2929 182 2978 18.
221 2925 311 2989 Quum
325 2923 386 2992 jam
404 2939 483 2977 muro
503 2926 595 2976 turres
613 2922 886 2992 appropinquassent,
905 2939 941 2978 ex

80 2999 200 3077 §antivia
224 3001 328 3056 ansar
350 2999 481 3071 cognorit
501 2998 761 3067 Vercingetorigem
781 3002 941 3064 consumpta

60 3073 173 3134 nebulo
189 3082 287 3135 castra
304 3080 429 3136 movisse
448 3078 569 3152 propius
588 3070 962 3134 stantemstantem

50 3156 119 3200 ⁰¹¹¹1²
130 3154 272 3219 e‘turbata
293 3159 515 3232 expeditisque,
536 3154 589 3227 qui
606 3152 685 3207 inter
711 3144 826 3210 equites
845 3136 980 3202 proeliari
