2018 3396
415 109 526 156 LIBER
542 109 580 157 ΙΙ.
904 116 933 162 37

78 192 140 262 pias
152 195 237 260 atque
250 206 310 244 esse
321 189 349 242 in
361 187 475 242 itinere:
492 188 621 243 mulieres
636 189 737 258 quique
753 206 805 258 per
816 193 936 244 aetatem

79 269 117 322 ad
128 283 249 337 pugnam
260 266 369 319 inutiles
384 264 544 319 viderentur
557 265 585 319 in
600 282 662 320 eum
677 265 764 319 locum
781 265 938 334 conjecisse,

80 361 136 414 quo
148 346 262 411 propter
274 340 388 410 paludes
400 340 533 395 exercitui
545 341 637 395 aditus
648 357 703 395 non
715 345 794 396 esset
944 364 983 383 2-

135 423 174 476 17.
213 417 266 470 His
280 416 363 470 rebus
377 417 493 485 cognitis
509 417 695 486 exploratores
712 419 939 489 centurionesque

80 493 236 565 praemittit
249 493 297 561 qui
308 492 396 546 locum
412 492 541 547 idonemn
556 493 653 546 castris
671 493 799 561 deligant.
837 495 939 560 Quum·

82 588 136 640 que
157 587 193 624 ex
213 569 348 623 dedititiis
369 568 463 636 Belgis
486 568 652 636 reliquisque
677 569 762 622 Gallis
785 572 938 641 complures

83 647 229 701 Gaesarem
250 644 336 698 secuti
357 661 412 698 una
430 644 485 697 iter
505 643 633 711 facerent,
653 645 764 712 quidam
783 663 818 700 ex
837 647 886 715 his,
906 652 938 701 ut

82 725 180 791 postea
194 738 228 774 ex
245 721 358 788 captivis
375 720 513 788 cognitum
531 724 581 787 est,
594 737 687 773 eorum
705 722 811 775 dierum
827 739 938 777 eonsue-

83 798 181 851 tudine
194 796 300 850 itineris
312 797 399 850 nostri
412 795 549 849 exereitus
564 800 715 864 perspecta,
729 802 809 851 noete
821 798 856 851 ad
869 799 895 851 N
898 816 938 852 er-

84 874 142 927 vios
151 875 337 942 pervenerunt
347 875 431 940 atquo
444 872 486 924 his
499 871 723 926 demonstrarunt
734 875 806 926 inter
818 875 937 942 singulas

84 949 204 1017 legiones
228 948 485 1016 impedimentorum
509 966 638 1017 magnum
661 965 804 1002 numerum
825 950 938 1003 interce

52 1034 60 1049 ·
85 1025 158 1092 dere,
170 1042 260 1113 neque
272 1041 331 1078 esse
344 1025 493 1093 quidquam
506 1025 616 1092 negotii,
631 1043 713 1094 quum
726 1027 813 1094 prima
824 1025 895 1093 legio
908 1025 936 1077 in

84 1104 173 1154 <aratra
188 1103 316 1168 venisset,
335 1099 511 1168 reliquaeque
532 1100 651 1166 legiones
670 1117 798 1168 magnum
818 1102 935 1168 spatium

85 1176 219 1243 abessent,
231 1176 299 1229 hanc
318 1175 369 1228 sub
389 1176 500 1229 sarcinis
521 1176 635 1240 adoriri;
654 1194 708 1244 qua
726 1177 805 1244 pulsa
823 1177 937 1244 impedi-

84 1252 238 1320 mentisque
251 1251 368 1321 direptis
380 1251 502 1304 futmnm
514 1256 546 1305 ut
556 1252 676 1321 reliquae
685 1256 779 1305 eontra
788 1253 936 1306 consistere

84 1344 138 1381 non
154 1327 295 1380 auderent.
332 1325 493 1394 Adjuvabat
512 1328 595 1380 etiam
614 1344 708 1381 eorum
727 1328 866 1381 eonsilium
888 1330 936 1395 qui

84 1419 142 1456 rem
158 1402 327 1468 deferebant,
340 1402 415 1470 quod
431 1403 526 1456 Nervii
540 1404 698 1472 antiquitus,
712 1420 796 1470 quum
812 1404 936 1471 equitatu

83 1478 151 1531 nihil
164 1482 275 1546 possent
288 1480 387 1545 (neque
402 1478 475 1530 enim
491 1479 526 1530 ad
542 1478 592 1531 hoe
604 1483 712 1545 tempus
725 1479 750 1530 ei
762 1479 801 1530 rei
814 1478 933 1546 student,

84 1553 135 1607 sed
158 1553 293 1622 quidquid
315 1557 436 1623 possrmt,
457 1555 631 1622 pedestribus
655 1555 745 1607 valent
766 1554 858 1623 copiis)
881 1572 935 1623 quo

84 1629 190 1682 facilius
211 1629 387 1682 finitimorum
408 1631 569 1700 equitatum,
590 1632 612 1682 si
631 1630 780 1698 praedandi
799 1647 880 1682 eausa
899 1630 935 1682 ad

84 1722 131 1759 eos
143 1704 285 1769 venissent,
297 1705 469 1774 impedirent,
482 1707 584 1759 teneris
596 1706 738 1758 arboribus
750 1706 840 1758 incisis
852 1709 934 1774 atque

84 1780 190 1833 inflexis
202 1781 304 1834 crebris
316 1783 344 1833 in
357 1781 530 1835 latitudinem
542 1783 625 1835 ramis
639 1783 726 1834 enatis
741 1787 769 1834 et
784 1782 858 1833 rubis
874 1799 934 1834 sen-

84 1855 212 1931 tibusque
224 1856 373 1924 interjectis
393 1858 540 1911 effecerant
555 1861 586 1911 ut
601 1858 686 1911 instar
703 1858 772 1910 muri
788 1857 840 1911 hae
856 1876 934 1926 sepes

85 1932 283 1984 munimentum
299 1932 471 2000 praeberent,
486 1949 539 1998 quo
556 1950 609 1985 non
624 1934 705 1985 modo
721 1934 824 1998 intrari,
837 1934 884 1986 sed
899 1951 934 1986 no

85 2007 202 2074 perspici
218 2007 330 2075 quidem
347 2011 447 2076 posset.
485 2007 537 2060 His
553 2007 636 2061 rebus
652 2025 735 2076 quum
751 2009 804 2061 iter
820 2010 935 2076 agminis

85 2082 172 2135 nostri
184 2082 371 2151 impediretur,
384 2100 437 2136 non
449 2083 631 2136 omittendum
643 2083 693 2136 sibi
709 2085 848 2136 eonsilium
864 2084 890 2136 N
893 2101 935 2136 er-

85 2157 122 2210 vii
133 2157 365 2212 existimaverunt.

139 2239 177 2288 18.
215 2233 279 2287 Loci
291 2236 390 2286 natura
402 2237 462 2287 crat
471 2233 544 2300 haec,
555 2251 637 2302 quem
646 2234 733 2287 locum
743 2237 829 2288 nostri
839 2236 935 2289 castris

86 2309 252 2377 delegerant.
298 2309 380 2363 Collis
403 2309 438 2362 ab
463 2327 567 2363 summo
591 2310 742 2377 aequaliter
766 2311 936 2369 declivisfld

86 2385 187 2438 flumen
205 2384 305 2450 Sabim,
318 2385 392 2452 quod
409 2402 490 2453 supra
504 2386 706 2448 nominavimus,
718 2386 855 2452 vergebat.
889 2385 935 2438 Ab

86 2477 119 2514 ee
139 2460 249 2514 flumine
268 2461 327 2528 pari
346 2460 505 2513 adclivitate
527 2460 603 2512 collis
623 2461 785 2512 nascebatur
806 2461 936 2513 adversus

86 2535 149 2589 hnic
160 2539 190 2589 et
201 2537 352 2589 contrarius
364 2552 459 2603 passus
471 2535 579 2588 circiter
592 2536 731 2600 ducentos,
741 2535 849 2587 iniimus
859 2550 936 2603 aper-

69 2605 140 2678 tus,
153 2611 187 2664 ab
200 2611 339 2679 superiore
350 2614 429 2678 parte
444 2610 575 2663 silvestris
590 2614 622 2662 ut
639 2627 693 2663 non
709 2610 787 2663 facile
804 2611 936 2662 introrsus

87 2688 203 2755 perspici
219 2689 320 2755 posset.
355 2687 435 2739 Intra
451 2702 497 2738 eas
514 2685 594 2738 silvas
609 2686 702 2738 hostes
716 2686 744 2737 in
760 2684 865 2737 occulto
877 2701 937 2737 sese

88 2761 279 2816 continebant:
301 2762 329 2814 in
351 2764 446 2830 aperto
467 2761 526 2814 loeo
548 2761 695 2813 seeundum
714 2760 814 2812 flumen
835 2775 937 2826 paucae

89 2838 221 2891 stationes
242 2837 364 2905 equitum
384 2836 554 2890 videbantur.
591 2835 723 2889 Fluminis
741 2837 801 2887 erat
820 2833 936 2887 altitudo

89 2912 190 2980 pedum
202 2913 309 2965 circiter
320 2914 414 2968 trium.
474 2940 477 2946 ·

146 2993 182 3041 19.
221 2988 320 3041 Caesar
334 2989 459 3056 equitatu
478 2987 627 3056 praemisso
647 2984 863 3054 subsequebatur
882 3000 935 3039 onr-

90 3064 170 3117 nibus
182 3065 280 3134 copiis3
298 3064 347 3119 sod
357 3065 427 3118 ratio
437 3065 557 3134 ordoque
566 3063 681 3133 agminis
690 3063 770 3116 aliter
780 3061 944 3116 selrabebat

90 3155 122 3194 ae
134 3140 236 3258 {elgae
248 3140 285 3193 ad
296 3141 415 3196 Nervios
426 3140 596 3196 detulerant,
631 3140 713 3194 bam
721 3137 803 3206 quob
809 3135 970 3188 annosas
