2018 3396
85 112 130 159 144
343 111 371 158 O.
389 111 407 158 J
414 110 492 158 ULII
509 110 683 157 CAESARIS

83 193 182 247 dextra
205 194 285 260 parte
310 191 363 244 alio
388 206 501 244 ascensu
524 206 620 243 manus
650 190 827 247 distinendae
856 207 940 248 00000

82 269 203 321 miserat.
240 268 278 319 lli
291 266 468 319 similitudine
481 283 618 319 armorum
630 266 810 321 vehementer
828 273 940 323 nostros

46 365 52 377 ·
83 345 307 412 perterrueruat;
334 359 366 396 ac
390 343 501 396 tametsi
531 342 637 395 dextris
666 342 787 396 humeris
819 346 939 416 exsertis

83 417 379 484 animadvertebantur,
392 418 466 487 quod
477 418 583 485 insigne
594 419 698 487 pacatis
711 435 771 473 csso
784 426 939 489 consuerat,

84 497 176 547 tamen
191 494 221 547 id
238 493 327 562 ipsum
346 495 387 547 sui
405 494 518 547 fallendi
535 511 617 548 causa
634 494 735 549 milites
756 496 790 548 ab
811 497 939 552 hostibus

84 569 186 622 facturn
203 570 404 624 existimabant.
443 570 547 623 Eodem
561 575 686 640 tempore
705 573 735 624 L.
754 571 858 626 Fabius
876 591 940 628 een-

85 647 157 700 turio
170 648 272 714 quique
285 664 340 699 una
351 664 458 699 inuram
472 646 652 701 ascenderant
664 649 843 702 circmnventi
852 653 938 718 atque

85 722 221 775 interfecti
232 723 267 774 (10
278 739 357 775 muro
367 723 590 791 praecipitantur.
617 724 655 776 M.
665 723 799 791 Petreius,
810 725 937 792 ejusdcm

85 797 198 864 legionis
217 798 347 864 centurio,
366 815 448 864 qaum
466 802 560 866 portas
578 799 704 866 encidcre
723 803 837 853 conatus
855 804 938 870 essct,

85 873 292 926 ainaltitudine
310 890 456 942 oppressus
474 891 505 927 ac
524 874 574 927 sibi
593 875 741 944 desperans
759 876 854 930 multis
876 877 936 944 jam

85 948 243 1002 vulneribus
256 950 375 1017 acceptis
387 950 601 1018 manipularibus
617 951 673 1004 suis
692 953 739 1020 qui
756 952 832 1005 illum
849 953 937 1006 secuti

86 1030 172 1091 erant,
191 1025 331 1092 Quoniam,
350 1025 446 1093 inquit,
465 1043 509 1079 me
526 1043 581 1079 una
598 1026 737 1080 vobiscum
755 1044 865 1081 servare
882 1044 938 1081 non

86 1117 204 1169 possum,
225 1104 332 1154 vostrae
352 1101 464 1169 quidem
483 1105 558 1155 certe
579 1103 652 1156 vitae
672 1104 843 1171 prospiciam,
867 1119 938 1171 quos
960 1144 966 1157 .

87 1177 237 1246 cupiditate
248 1177 351 1244 gloriae
364 1178 500 1231 adductus
514 1179 543 1230 in
560 1178 713 1247 periculum
728 1179 840 1234 deduxi.
877 1179 938 1232 Vos

87 1253 153 1307 data
163 1253 294 1306 facultate
307 1253 383 1306 vobis
400 1255 537 1307 consulite.
573 1254 659 1308 Simul
675 1255 702 1307 in
718 1254 823 1307 medios
842 1253 939 1309 hostes

87 1329 192 1398 irrupit,
206 1328 367 1396 duobusque
379 1329 531 1383 interfectis
543 1330 662 1399 reliquos
673 1334 778 1398 aperta
786 1330 939 1398 paullulum

88 1405 231 1459 submovit.
267 1404 434 1458 Conantibus
454 1406 578 1458 auxiliari
602 1407 665 1472 suis,
691 1405 812 1471 Frustra,
837 1406 938 1474 inquit,

87 1498 164 1534 meae
176 1483 248 1534 vitae
261 1480 404 1534 subvenire
414 1482 553 1548 conamini,
566 1499 648 1550 quem
656 1481 716 1549 jam
728 1480 838 1548 sanguis
853 1481 939 1536 vires·

88 1574 141 1625 que
157 1557 302 1610 deficiunt:
320 1557 433 1624 proinde
451 1556 527 1609 abite
545 1556 611 1610 (lum
629 1560 672 1610 est
691 1557 814 1623 facultas,
832 1573 939 1626 vosque

90 1633 126 1685 ad
140 1633 274 1700 legionem
294 1633 416 1699 recipite.
453 1633 498 1684 lta
516 1648 638 1700 pugnans
655 1635 718 1701 post
736 1632 858 1700 paullum
877 1649 940 1686 000-

88 1710 157 1762 cidit
168 1726 199 1761 ac
212 1708 268 1761 suis
281 1707 362 1761 saluti
374 1709 433 1761 fait.

140 1793 179 1838 51.
203 1785 298 1837 Nostri
310 1801 394 1852 quam
407 1784 528 1852 undique
545 1785 745 1851 premerentur,
759 1798 826 1843 xnvr
842 1787 940 1838 eentu-

88 1861 208 1913 rionibus
231 1861 336 1913 amissis
365 1859 467 1928 dejecti
491 1863 555 1913 sunt
575 1859 648 1924 loco;
671 1859 721 1912 scd
746 1859 939 1915 intolerantius

89 1935 181 1989 Gallos
192 1937 368 2001 insequentes
387 1936 458 2003 legio
475 1951 494 1987 x
512 1935 640 2002 tardavit,
659 1951 730 2002 quae
746 1950 796 2003 pro
815 1935 940 1990 subsidio

88 2011 180 2080 paullo
192 2011 319 2078 aequiore
331 2011 389 2064 loco
402 2012 570 2063 constiterat.
606 2010 686 2064 Hane
698 2026 792 2063 rursus
803 2025 858 2063 xm
871 2011 940 2079 legi-

89 2087 148 2140 onis
168 2085 294 2138 cohortos
315 2089 490 2154 exceperunt,
515 2102 585 2154 quae
610 2102 645 2138 ex
668 2085 765 2140 eastris
788 2087 941 2141 minoribus

90 2161 205 2214 eductae
222 2176 282 2213 curn
301 2161 330 2214 T.
352 2161 446 2214 Sextio
462 2162 553 2227 legato
577 2162 667 2214 locum
686 2165 815 2229 ceperant
834 2164 941 2230 superi-
972 2154 995 2203 0

89 2253 171 2290 orem.
206 2237 340 2304 Legiones
358 2235 406 2289 ubi
424 2237 541 2304 primum
560 2237 700 2307 planitiem
719 2236 878 2305 attigenmt,
898 2239 941 2291 in-

89 2312 168 2365 festis
182 2317 277 2366 contra
291 2311 384 2365 hostes
403 2313 486 2380 signis
504 2314 693 2366 constiterunt.
728 2312 940 2379 Vercingetorix

90 2387 125 2441 ab
140 2389 278 2442 radicibus
296 2389 372 2442 collis
390 2405 453 2442 suos
472 2389 544 2442 intra
561 2376 727 2442 munitiones
743 2389 861 2441 reduxit.
899 2392 941 2443 Eo

90 2465 135 2518 die
147 2465 247 2517 milites
260 2468 324 2518 suut
335 2466 426 2533 paullo
438 2467 528 2519 minus
540 2480 590 2519 nco
603 2464 759 2518 desiderati.

142 2547 181 2593 52.
218 2540 332 2594 Postero
345 2541 390 2594 die
402 2543 502 2597 Caesar
513 2541 637 2595 contione
653 2539 785 2593 advocata
800 2543 941 2595 temerita-

89 2619 146 2669 tem
159 2615 394 2686 cupiditatemque
406 2619 524 2671 militam
535 2615 718 2686 reprehendit,
732 2615 812 2680 Quod
823 2616 876 2670 sibi
887 2618 942 2686 ipsi

85 2689 285 2757 judicavissent
312 2710 365 2761 quo
393 2693 595 2761 procedendum
626 2694 674 2745 aut
705 2690 772 2760 quid
802 2693 941 2760 egendum

89 2767 236 2834 videretur,
261 2785 349 2836 nequo
373 2769 450 2836 signo
474 2768 624 2837 recipiendi
652 2767 717 2820 dato
744 2768 942 2838 constitissent,

89 2858 180 2911 neque
191 2842 226 2896 ab
236 2844 354 2897 tribunis
365 2840 482 2898 rnilitum
491 2843 644 2912 legatisque
652 2843 942 2912 retineripotuissent:

90 2920 212 2986 exposito
225 2919 291 2986 quid
303 2920 432 2987 iniquitas
445 2920 496 2974 loci
513 2924 613 2989 posset,
630 2918 697 2987 quid
712 2919 771 2985 ipse
788 2919 824 2972 ad
843 2922 943 2975 Avari-

82 3009 145 3046 cum
160 2996 300 3065 sensisset,
315 3014 399 3067 quum
416 2997 475 3052 sine
491 2996 562 3051 daeo
578 2998 608 3049 et
625 2996 685 3049 siue
702 2996 829 3060 equitatu
844 2997 943 3063 depre-

63 3063 164 3124 hensis
187 3072 323 3131 hostibus
350 3077 533 3150 exploratam
562 3072 712 3130 uictoriam
741 3067 960 3132 (1000000000

46 3151 170 3201 Parvum
203 3152 296 3209 modo
329 3155 552 3214 detrimontum
585 3153 616 3208 10
646 3140 831 3204 contentione
856 3143 976 3202 prepter
