2018 3396
452 135 563 184 LIBER
579 135 613 184 V.
929 140 960 188 85

102 213 203 268 Caesar
214 228 264 281 pro
276 213 336 279 ejus
348 213 452 268 virtute
469 219 555 282 atquc
571 214 600 268 in
617 231 647 269 se
666 214 865 283 benevolentia,
886 219 962 286 quod

102 289 131 342 in
143 290 270 344 omnibus
287 290 368 344 bellis
384 291 517 358 singulari
533 291 594 359 ejus
610 308 694 360 opera
709 294 800 348 fuerat
815 310 889 362 usus,
904 313 961 349 rna-

98 365 192 433 ¹jorunr
211 366 301 420 locum
325 368 496 422 restituerat.
533 368 657 422 Tertium
678 368 739 437 jam
763 369 836 424 hunc
859 387 960 426 annum

15 476 24 490 ,
102 445 264 509 regnantem
282 442 383 496 inimici
401 444 496 497 multis
512 444 603 512 palam
622 461 657 498 cx
673 445 785 500 civitate
801 447 960 502 auctoribus

102 519 309 573 interfecerunt.
346 519 479 573 Defertur
491 537 523 573 ea
536 536 580 574 ros
589 520 626 574 ad
636 520 789 577 Caesarem.
826 523 960 578 lllcveri-

102 598 156 659 tus,
167 595 241 662 quod
254 595 291 648 ael
302 595 394 663 plures
406 596 572 665 pertinebat,
582 612 617 650 ne
630 597 725 650 civitas
737 614 830 652 eorum
840 599 959 667 impulsu

103 671 241 736 deficeret,
254 670 283 723 L.
298 670 427 760 Plancum
439 689 501 724 curn
514 672 621 740 legione
635 689 668 725 ex
683 674 777 740 Belgio
790 675 917 728 celeriter
929 676 958 730 in

104 748 238 802 Carnutes
260 748 394 816 proticisci
414 747 497 816 jubet
516 748 609 816 ibique
629 748 765 814 lricrnare3
786 768 958 827 quorumque

103 841 185 891 opera
206 825 365 892 cognoverit
389 824 546 892 Tasgetium
566 826 747 889 interfectum,
768 826 817 879 lros
836 843 958 896 compre-

103 898 201 953 lrensos
230 901 266 953 ad
294 918 324 954 se
347 901 465 954 mittere.
501 901 617 955 Interim
641 900 676 953 ab
705 902 829 955 omnibus
858 902 958 970 legatis

104 978 357 1045 quaestoribrrsqne,
371 977 471 1044 quibus
483 976 605 1044 legiones
617 977 778 1042 tradiderat,
792 978 893 1032 certior
904 979 958 1033 fac-

103 1059 149 1105 tus
168 1057 211 1106 est
231 1055 259 1106 in
278 1054 393 1113 hiberna
411 1044 574 1121 perve‘ntum
593 1053 737 1122 locumque
755 1053 877 1107 hibernis
896 1071 958 1109 csse

103 1130 246 1182 rnurriturn.

155 1211 196 1258 26.
233 1205 338 1259 Diebus
362 1205 472 1259 circiter
491 1221 527 1258 xv
547 1204 646 1272 quibus
665 1205 693 1258 in
713 1204 827 1259 hiberna
845 1209 956 1261 rentum

104 1283 153 1347 est,
166 1282 272 1335 initiunr
286 1281 422 1349 repentini
435 1281 570 1334 turnultus
581 1297 613 1333 ac
629 1280 790 1334 defectionis
806 1285 895 1335 ortum
914 1289 957 1336 est

103 1357 138 1408 ab
154 1356 316 1423 Ambiorige
329 1360 357 1409 et
371 1355 524 1420 Cativolco;
541 1355 589 1423 qui
602 1371 686 1423 quum
699 1355 734 1408 ad
747 1356 814 1410 fines
826 1359 902 1424 regni
914 1361 955 1412 sui

105 1432 206 1484 Sabino
231 1433 385 1498 Cottaeque
408 1434 519 1499 praesto
542 1431 659 1484 fuissent
683 1430 905 1506 frumentumque
927 1434 955 1488 in

104 1507 220 1560 hiberna
243 1507 494 1576 comportarissent,
517 1506 700 1559 induciomari
724 1506 826 1560 'lreriri
851 1509 956 1563 nunciis

103 1583 221 1651 impulsi,
241 1599 304 1635 suos
323 1583 534 1649 concitavemmt,
555 1580 699 1649 subitoque
717 1583 853 1651 oppressis
872 1585 956 1652 ligna-

103 1658 209 1712 toribus
228 1674 327 1726 magna
345 1675 427 1711 manu
445 1658 482 1711 ad
500 1661 590 1711 eastra
609 1662 794 1726 oppugnatum
814 1665 955 1715 renermrt.

105 1736 194 1798 Qunnr
221 1734 347 1788 celeriter
367 1734 453 1786 nostri
476 1750 552 1787 arma
575 1734 711 1800 cepissent
732 1734 887 1803 vallumque
911 1737 957 1790 ad-

105 1810 281 1874 scendissent,
305 1814 389 1878 atque
413 1826 467 1862 una
491 1826 526 1862 ex
549 1813 629 1877 parte
658 1809 788 1878 Hispanis
817 1811 957 1878 equitibus

104 1886 210 1941 emissis
229 1886 352 1954 equestri
371 1885 473 1953 proelio
493 1884 647 1953 superiores
666 1885 789 1952 fuissent,
810 1887 957 1955 desperata

103 1979 134 2016 re
149 1962 241 2016 hostes
258 1978 321 2015 suos
337 1961 372 2014 ab
389 1961 590 2034 oppugnatione
606 1959 781 2015 reduxerunt.
819 1962 888 2017 'lum
907 1981 956 2017 suo

20 2061 24 2066 ·
50 2100 52 2105 Ι
103 2055 179 2091 rnore
191 2037 426 2092 conclamaverunt
439 2037 481 2112 uti
491 2036 575 2105 aliqui
587 2052 621 2089 ex
633 2038 733 2090 nostris
745 2037 781 2090 ad
793 2037 955 2108 colloquium

102 2115 242 2181 prodiret;
262 2113 365 2166 habere
381 2129 442 2167 sese
457 2128 527 2179 quae
544 2112 580 2164 de
596 2128 626 2164 re
642 2112 777 2165 communi
795 2114 886 2168 dicere
903 2115 957 2169 vel-

103 2191 168 2255 lent,
181 2190 282 2258 quibus
295 2187 378 2242 rebus
389 2187 587 2242 controversias
598 2188 683 2240 minui
696 2204 775 2255 posse
787 2195 937 2257 sperarent.

68 2276 70 2282 '
156 2271 196 2323 27.
233 2265 357 2319 Mittitur
368 2265 404 2317 ad
421 2280 468 2318 cos
480 2264 652 2332 colloquendi
665 2280 746 2317 causa
759 2264 787 2318 C.
800 2267 957 2332 Arpineius,

103 2358 187 2410 eques
208 2342 354 2405 Romanus,
373 2339 516 2393 familiaris
528 2340 558 2404 Q.
577 2339 683 2405 Titurii,
703 2347 733 2392 et
753 2341 783 2404 Q.
803 2340 902 2395 lunius
921 2359 955 2395 ex

104 2418 237 2486 Hispania
254 2417 374 2485 quidam,
387 2416 433 2485 qui
442 2415 500 2483 jorn
513 2418 578 2468 ante
594 2415 678 2467 missu
695 2415 819 2469 Caesaris
835 2416 872 2468 ad
889 2421 956 2470 Arn-

103 2493 236 2560 biorigenr
249 2493 385 2546 ventitare
397 2495 591 2555 consueverat;
603 2491 676 2558 apud
686 2507 754 2558 quos
764 2490 909 2544 Ambiorix
920 2493 957 2546 ad

104 2549 174 2622 lfflne
187 2569 298 2621 modum
309 2568 416 2622 loeutus
429 2571 484 2622 est:
501 2569 568 2621 Sese
579 2584 628 2637 pro
646 2567 771 2620 Caesaris
786 2568 813 2619 in
830 2584 859 2620 se
874 2568 956 2622 bene-

104 2646 172 2698 fieiis
187 2645 335 2714 plurimum
348 2644 373 2697 ci
387 2643 510 2697 confiteri
523 2642 631 2707 debere,
646 2642 719 2710 quod
732 2642 793 2710 ejus
811 2659 894 2711 opera
909 2644 957 2698 sti-

103 2721 205 2788 pendio
228 2720 360 2774 liberatus
384 2723 458 2772 esset
482 2719 557 2788 quod
581 2718 735 2772 Aduatucis
759 2719 880 2772 finitimis
901 2721 957 2774 suis

103 2796 225 2864 pendere
242 2801 412 2849 consuesset:
433 2796 561 2863 quodque
574 2795 599 2847 ci
612 2797 641 2847 et
653 2794 724 2847 filius
737 2797 766 2848 et
778 2794 872 2847 fratris
884 2795 957 2850 tilius

51 2871 52 2876 ’
104 2872 139 2925 ab
153 2872 269 2926 Caesare
285 2872 392 2924 remis-i
408 2875 506 2936 essent
519 2888 587 2940 quos
605 2869 745 2924 Aduatuci
764 2870 888 2924 obsidum
907 2889 958 2926 nu·

104 2964 180 3001 mero
192 2948 288 3001 missos
300 2948 373 3014 apud
386 2964 415 3001 se
431 2947 460 3000 in
476 2947 609 3001 servitute
626 2950 655 3000 et
671 2931 773 3000 catenis
789 2947 958 3011 tenuissent;

104 3039 194 3092 neque
209 3023 239 3077 id
258 3023 331 3092 quod
350 3023 446 3096 fceegit
464 3023 501 3076 dc
519 3010 719 3092 oppugnatione
738 3026 889 3076 castrorum
908 3022 977 3075 aut'

99 3099 204 3168 judicio
223 3102 271 3154 aut
289 3099 429 3153 voluntate
449 3083 499 3153 sub
516 3099 625 3164 fecisse,
642 3098 699 3151 sed
715 3104 821 3148 coactu
836 3093 994 3175 exau-ama

102 3192 207 3246 suaque
227 3191 289 3233 esse
305 3175 451 3248 'ejusmodi
468 3175 599 3250 turperis*
611 3178 651 3228 ut
671 3188 735 3224 risu
755 3156 1000 3254 ruinosam*
