2018 3396
9 99 10 104 ’
64 127 111 177 ree
322 123 352 175 0.
371 124 473 175 suun
490 122 663 173 cassurus

62 210 146 276 agant
157 205 316 264 consuunt:
330 204 452 261 locorum
464 204 569 275 peritos
581 203 730 260 adhibent:
742 202 778 258 ab
786 203 830 258 nis
839 220 919 274 supe-

62 284 166 338 riorum
175 287 328 337 castrorum
337 284 407 337 situs
419 282 638 350 munitionesque
647 285 819 349 cognoscunt.
849 281 919 336 Erat

62 377 80 414 a
99 359 341 428 septemtrionibus
362 359 445 427 collis,
464 374 547 428 quern
566 359 682 427 propter
701 357 919 425 magnitudinem

19 452 22 456 ·
62 436 192 490 circuitus
204 452 288 506 opere
299 435 486 505 circumplecti
497 450 551 489 non
562 437 710 504 potuerant
721 434 815 501 nostri,
824 450 920 488 ncces·

62 501 189 582 sorio'que
200 528 288 580 paene
300 512 394 581 iniquo
403 511 463 566 loeo
477 514 507 566 01
517 511 618 565 leniter
630 510 729 564 declivi
742 514 834 565 eastra
847 510 920 565 feee-

62 591 134 642 runt.
171 588 248 643 Hace
259 588 288 643 0.
297 587 436 642 Antistius
446 587 569 656 Reginus
581 587 650 642 010.
661 586 791 641 Caninius
803 586 920 640 Rebilus

62 665 146 733 legati
158 681 221 719 oum
237 665 344 720 duabus
358 664 509 732 legionibus
524 663 691 718 obtinebant.
728 662 852 731 Cognitis
866 680 920 732 per

62 741 249 810 exploratores
264 741 421 810 regionibus
436 740 520 795 duces
536 739 656 794 hostiurn
668 755 705 794 nx
717 740 791 794 milia
802 739 919 794 exomni

62 834 176 872 rrunrero
184 818 308 886 deligunt
314 835 407 872 eanun
420 817 562 872 civitatum
575 833 646 886 quae
653 816 919 871 moxirnamvirtutis

62 893 217 963 opinionem
240 893 395 960 ilabebaut3
419 893 487 962 quid
507 909 617 962 quoquc
636 897 718 963 paeto
741 893 786 962 agi
809 893 919 962 placeat
968 901 977 919 ’

62 970 168 1025 occulte
180 970 254 1024 inter
269 986 299 1024 se
313 968 500 1036 constituunt3
514 969 634 1026 adeundi
649 973 759 1040 tempus
773 970 918 1037 deliniunt,

62 1063 147 1115 quum
158 1046 286 1102 meridies
295 1063 355 1101 esse
363 1046 497 1101 videatur.
522 1046 576 1100 llis
584 1046 670 1116 copiis
679 1045 918 1115 Vergasillaunum

63 1127 227 1190 Arvernum,
238 1140 323 1177 unum
335 1140 370 1178 cx
384 1126 505 1192 quatuor
516 1122 640 1190 ducibus,
652 1123 835 1192 propinquum
848 1123 919 1178 Ver-

61 1199 245 1269 cingetorigis,
263 1199 435 1267 praeficiunt.
470 1199 523 1253 1110
543 1215 578 1252 ex
601 1200 700 1254 castris
720 1200 808 1269 prima
824 1199 919 1268 vigilia

61 1293 195 1345 egressus,
207 1293 293 1347 prope
304 1276 427 1331 coniecto
439 1275 491 1329 sub
503 1275 591 1330 lucem
602 1275 708 1343 itinere,
720 1280 784 1346 post
795 1281 918 1331 montem

61 1368 91 1408 se
103 1352 250 1408 occultavit
261 1352 420 1422 militesque
432 1368 466 1406 ex
478 1356 611 1406 nocturno
623 1352 717 1406 laboro
729 1370 790 1407 sese
803 1353 919 1408 reficere

57 1428 149 1497 jussit
186 1427 342 1497 Quumjam
350 1428 481 1483 meridies
490 1427 711 1498 appropinquare
720 1429 919 1496 videretur,od

61 1521 95 1558 ea
117 1508 209 1560 castro
232 1521 304 1574 quae
324 1521 408 1573 supra
430 1504 678 1559 demonstravimus
701 1504 851 1570 contendit,
872 1522 919 1560 eo-

62 1581 181 1649 demque
199 1584 324 1650 tcmpore
343 1581 485 1652 equitatus
504 1580 541 1634 ad
564 1585 732 1650 campestres
752 1583 919 1636 munitiones

61 1657 193 1712 accedere
211 1661 241 1712 ct
258 1657 381 1726 reliquae
398 1657 494 1727 copiae
511 1673 573 1711 sese
589 1673 640 1725 pro
653 1657 752 1711 eastris
769 1658 918 1712 ostendere

61 1735 220 1802 coeperunt.

114 1815 156 1864 84.
174 1808 386 1877 Vercingetorix
402 1826 437 1864 ex
454 1825 517 1864 aree
535 1809 648 1864 Alesiae
665 1827 729 1865 suos
744 1811 919 1880 conspicatus

61 1901 96 1939 ex
109 1884 210 1954 oppido
222 1885 377 1953 egreditur3
393 1885 516 1940 acastris
524 1885 670 1954 longurios,
680 1887 824 1955 musculos,
833 1887 918 1942 falces

61 1961 221 2030 reliquaque
245 1956 316 2030 quae
351 1962 502 2030 eruptionis
530 1978 612 2015 causa
634 1968 780 2031 paraverat
802 1964 918 2033 profert.

62 2037 205 2104 Pugnatur
228 2053 282 2090 uno
303 2041 428 2106 ternpore
452 2037 578 2092 onmibus
598 2038 665 2092 loeis
684 2038 816 2108 [acriter],
832 2044 918 2108 atque

62 2113 152 2182 omnia
164 2116 321 2168 tentantur:
333 2130 404 2182 quae
422 2113 533 2167 minime
553 2115 612 2168 visa
629 2130 693 2184 pars
709 2115 789 2168 firma
802 2121 854 2183 est,
864 2116 918 2171 hue

62 2190 239 2243 concurritur.
275 2189 459 2243 Romanorum
486 2207 584 2244 liranus
608 2191 695 2245 tontis
720 2191 918 2247 munitionibus

62 2265 218 2332 distinetur,
237 2281 288 2319 nec
305 2265 385 2320 facile
405 2266 531 2333 pluribus
548 2267 615 2320 loeis
635 2268 760 2322 occurrit.
797 2268 918 2324 Multum

63 2341 99 2394 ad
112 2341 256 2395 terrendos
267 2345 376 2397 nostros
388 2342 461 2396 valet
473 2343 581 2410 clamor,
594 2343 641 2412 qui
653 2348 717 2413 post
728 2351 837 2412 tergum
849 2362 918 2415 pug-

63 2417 191 2471 nantibus
204 2417 322 2485 exstitit,
335 2418 409 2486 quod
421 2435 499 2472 suurn
515 2420 706 2487 perieulurnin
718 2420 807 2474 olierra
820 2421 919 2476 vident

63 2493 165 2547 virtute
188 2496 331 2548 constare:
352 2494 442 2548 onrrria
459 2496 532 2549 enim
550 2496 712 2565 plerumque
729 2513 800 2566 quae
817 2497 919 2553 obsunt

62 2569 253 2625 vehementius
264 2570 406 2623 bominum
417 2576 524 2625 mentes
537 2574 708 2641 [1011011011.

117 2645 157 2694 85.
194 2639 297 2693 Cacsar
312 2639 441 2694 idoneum
456 2641 545 2694 locum
562 2647 666 2709 nactae,
680 2643 748 2712 quid
764 2659 874 2712 quaque
889 2644 918 2699 in

62 2719 143 2783 parte
154 2719 268 2783 geratur
276 2717 421 2785 cognoscit,
430 2711 620 2772 laborantibus
628 2720 758 2774 auxilium
769 2721 917 2776 submittit.

63 2787 200 2860 Utrisque
213 2792 250 2845 ad
267 2793 387 2846 animum
406 2794 525 2848 occurrit
542 2811 626 2848 unum
644 2796 713 2850 illud
730 2813 791 2852 esse
807 2801 919 2866 tempus

61 2882 118 2934 quo
130 2867 249 2921 maxime
260 2870 389 2924 contendi
398 2871 549 2925 conveniat
586 2872 665 2940 Galli,
674 2873 726 2926 nisi
734 2873 919 2942 perfregerint

57 2944 235 3010 munitiones,
252 2945 288 2999 de
302 2947 376 3000 orrirri
393 2947 481 3002 salute
497 2948 661 3016 desperant:
678 2950 803 3019 Romani,
819 2951 842 3005 si
858 2942 918 3006 rem

46 3016 236 3091 obtinuerint,
245 3022 470 3080 fincmlaborum
478 3025 601 3081 omnium
607 3029 777 3096 exspectant.
797 3027 919 3083 blaxime

31 3090 74 3176 ed
82 3096 255 3161 superiores
267 3103 448 3162 munitiones
459 3105 618 3172 laboratur,
630 3101 940 3174 ouoleltbs'blbffiffi

18 3172 144 3226 nussum
154 3173 449 3244 demonstravimus.
488 3178 752 3257 Exiguurnlooiad
762 3171 959 3228 1111111111
