2018 3396
431 141 544 191 LIBER
560 144 609 192 VI.
895 134 953 199 '119

95 225 283 290 Centuriones,
297 241 413 292 quorum
430 225 552 278 nonnulli
567 243 601 279 ex
616 227 792 282 inferioribus
806 229 950 285 ordinibus

94 300 262 369 reliquarum
280 301 416 368 legionum
434 300 544 355 virtutis
562 319 644 356 causa
657 303 685 356 in
701 305 856 372 superiores
870 310 950 360 orant

94 378 204 431 ordines
222 377 304 445 hujus
329 377 444 444 legionis
462 378 624 448 transducti,
642 396 678 432 ne
695 384 760 434 ante
783 385 890 450 partam
909 382 949 435 rei

94 454 219 507 militaris
231 453 340 507 laudern
352 454 512 508 amitterent
524 455 673 511 fortissime
691 461 845 525 pugnantes
861 459 949 512 conci-

94 529 202 584 derunt.
240 529 361 583 Militum
372 547 436 598 pars
447 530 544 584 horum
557 532 660 585 virtute
672 533 814 586 summotis
822 533 949 587 hostibus

94 609 205 674 praeter
217 623 292 675 spem
305 606 446 660 incolumis
458 607 487 659 iu
495 610 586 660 castra
598 609 737 676 pervenit,
749 624 813 676 pars
823 625 839 661 a
851 608 949 662 barba-

93 682 132 734 ris
144 683 329 737 circumventa
341 683 430 751 periit.

146 763 187 812 41.
225 759 353 812 Germani
383 758 529 827 desperata
559 761 759 827 expugnatione
787 763 949 828 castrorum,

94 835 168 902 quod
180 840 289 889 nostros
303 835 362 901 jam
380 836 536 888 constitisse
552 836 580 888 iu
597 836 793 890 munitionibus
809 836 948 903 ridebant,

93 927 155 963 cum
167 928 199 964 ea
210 912 314 979 praeda
326 929 409 980 quarn
421 912 449 964 in
459 911 533 965 silvis
542 912 726 980 deposuerant
735 917 811 967 trans
821 913 947 967 Rhenum

94 1003 155 1040 sese
169 991 341 1056 receperunt.
378 990 421 1041 Ac
434 990 528 1041 tantus
543 988 596 1041 fuit
616 989 699 1042 ctiam
717 993 781 1057 post
798 988 948 1042 discessum

93 1062 213 1116 hostium
230 1067 322 1116 terror
335 1065 368 1117 nt
384 1080 417 1117 ea
432 1067 521 1128 nocte,
534 1080 619 1131 quum
634 1064 663 1118 C.
678 1064 830 1118 Volusenus
847 1065 946 1118 missus

93 1156 155 1192 cum
168 1141 293 1209 equitatu
305 1139 343 1193 ad
351 1144 440 1193 castra
449 1141 575 1206 venisset,
585 1140 669 1193 fidem
678 1141 842 1194 nonfaceret
850 1140 948 1195 adesse

93 1231 154 1270 cum
171 1217 299 1270 incolumi
317 1217 461 1271 Caesarem
478 1215 608 1270 exercitu.
645 1216 690 1270 Sic
706 1217 826 1270 omnium
842 1216 946 1270 animos

61 1341 64 1348 .
93 1293 441 1362 timor‘praeoccupaverat
453 1295 486 1346 ut
502 1308 589 1361 paene
608 1291 726 1345 alienata
742 1297 835 1346 mento
848 1291 947 1345 deletis

93 1368 218 1422 omnibus
237 1369 321 1438 copiis
337 1371 491 1436 equitatum
503 1367 633 1437 [tantum]
645 1384 675 1421 se
688 1384 723 1421 ex
735 1369 800 1435 luga
811 1368 947 1435 recepisse

93 1444 224 1515 dicerent,
242 1461 331 1514 neque
345 1445 472 1498 incolmni
488 1443 611 1497 exercitu
627 1444 778 1497 Germanos
793 1450 883 1497 castra
902 1459 947 1512 op

48 1541 52 1549 ·
93 1525 261 1590 pugnaturos
279 1521 364 1575 fuisse
382 1520 589 1574 contenderent.
626 1519 716 1584 Quem
732 1519 860 1572 timorem
879 1513 946 1573 (larc-

93 1597 161 1650 saris
173 1597 307 1650 adventus
320 1596 439 1650 sustulit.

90 1698 93 1702 ·
140 1668 185 1727 '42
222 1673 359 1727 Reversus
371 1673 424 1739 ille,
438 1676 553 1726 eventus
569 1671 633 1725 belli
647 1689 702 1725 non
714 1672 848 1739 ignorans,
861 1687 944 1724 unum

93 1750 168 1818 quod
186 1750 312 1803 cohortes
331 1766 365 1803 ex
383 1749 500 1802 statione
518 1751 548 1801 et
564 1748 702 1817 praesidio
721 1752 812 1802 essent
830 1747 945 1802 emissae

93 1829 215 1894 questus,
222 1843 257 1879 ne
269 1826 380 1879 minime
390 1825 502 1894 quidem
512 1841 577 1877 casu
585 1825 673 1878 locum
682 1823 798 1892 relinqui
808 1823 944 1886 debuisse,

92 1902 210 1955 multum
222 1903 360 1956 fortunam
372 1902 400 1954 in
409 1900 552 1969 repentino
564 1900 684 1953 hostium
694 1900 813 1952 adventu
825 1899 945 1968 potuisse

89 1977 225 2046 judicavit
232 2000 239 2044 ;
251 1977 337 2032 multo
350 1977 433 2031 etiarn
446 1976 569 2045 amplius,
577 1977 651 2045 quod
663 1992 750 2044 paene
761 1975 796 2028 ab
806 1977 864 2044 ipso
874 1975 944 2028 vallo

92 2054 234 2122 portisque
252 2057 403 2107 castrorum
421 2052 552 2106 barbaros
567 2054 718 2108 avertisset.
754 2053 874 2117 Quarum
889 2068 945 2104 orn-

92 2130 168 2182 nium
180 2147 272 2184 rerum
284 2131 402 2183 maxime
416 2128 607 2182 admirandum
622 2128 776 2194 ridebatur,
789 2127 864 2197 quod
876 2128 944 2181 Ger-

92 2207 172 2274 mani,
185 2207 232 2275 qni
243 2223 275 2260 eo
288 2207 399 2259 consilio
413 2205 540 2273 Rhenum
554 2205 719 2259 transierant
731 2208 763 2257 ut
776 2202 943 2271 Ambiorigis

92 2281 161 2334 fines
173 2282 413 2352 depopularentur,
422 2283 458 2335 ad
470 2286 561 2335 castra
573 2281 757 2334 Ronrarrormn
771 2279 856 2333 delati
868 2284 944 2347 opta-

92 2357 228 2410 tissimum
242 2358 396 2426 Ambiorigi
409 2357 571 2412 beneficium
583 2356 748 2410 obtulerant.
825 2365 827 2368 '

146 2439 187 2488 43.
223 2434 324 2488 Caesar
347 2451 442 2487 rursus
465 2433 501 2487 ad
525 2433 663 2486 vexandos
686 2432 779 2485 hostes
805 2432 944 2499 proiectus

92 2527 190 2578 magno
207 2516 299 2564 coacto
315 2528 429 2564 numero
446 2528 481 2564 cx
498 2509 621 2562 finitimis
638 2507 794 2561 civitatibus
805 2508 833 2559 in
850 2523 945 2560 omnes

93 2591 185 2654 partes
197 2588 324 2653 dimittit,
357 2587 459 2641 Omnes
472 2587 522 2640 vici
535 2589 620 2653 atque
633 2585 723 2637 onrrria
737 2575 944 2651 aedificia‘qnae
986 2650 995 2664 .

93 2661 208 2730 quisque
220 2668 401 2730 conspexerat
412 2661 630 2716 incendebantur
642 2680 646 2714 :
660 2659 763 2728 pracda
772 2676 807 2712 ex
819 2657 944 2711 omnibus

92 2737 158 2790 locis
170 2738 317 2806 agebatur:
334 2740 473 2792 frumenta
484 2755 537 2790 non
552 2737 638 2789 solum
651 2753 667 2789 a
679 2739 758 2789 tanta
769 2734 945 2788 multitudine

90 2813 277 2883 jumentorum
290 2821 373 2885 atque
390 2816 529 2868 hominnm
545 2812 781 2877 consumebantur,
795 2811 844 2865 sed
861 2811 944 2864 etiarn

92 2892 155 2943 anni
173 2895 297 2960 tempore
315 2897 398 2960 atquc
416 2891 549 2945 imbribus
567 2889 775 2957 procubuerant,
797 2892 838 2954 ut,
852 2887 874 2939 si
896 2886 949 2949 uui

92 2967 175 3021 ctiam
192 2968 221 3020 in
238 2969 395 3036 praeseutia
412 2985 442 3022 se
457 2962 829 3028 coenassentnumesnxs
842 2957 974 3039 §emm

89 3044 210 3096 exercitu
235 3060 330 3098 rorum
355 3046 483 3100 omnium
500 3043 604 3114 inopia
622 3035 819 3120 pereundum
829 3021 996 3124 umere&

77 3121 123 3171 Ae
131 3137 218 3189 saepe
226 3122 252 3176 in
263 3142 330 3180 oum
341 3125 442 3181 locum
451 3126 580 3181 rentum
589 3116 738 3173 esttenete
748 3121 788 3158 m
796 3097 996 3215 ὒῑῑζὲὒζὲἑω

67 3193 160 3249 diviso
179 3201 326 3274 cqrritatu,
349 3209 387 3262 nt
404 3206 503 3261 medo
524 3201 634 3256 visani
649 3192 696 3247 ab
716 3203 754 3240 se
781 3178 846 3230 M*
863 3177 898 3210 W
