2018 3396
410 139 522 186 LIBER
542 139 605 186 Vll,
882 143 928 190 145

72 220 247 289 iniquitatem
263 220 316 274 loci
330 220 475 274 accideret.
513 221 622 286 Quanto
637 237 720 290 opere
736 238 830 274 eorum
845 221 929 275 animi

72 298 290 365 magnitudinem
313 297 498 351 admiraretur
516 313 585 365 quos
602 312 657 350 non
674 302 826 351 castrorum
844 298 930 351 muni-

12 369 14 373 ’
72 374 170 441 tiones,
188 390 242 428 non
259 373 377 427 altitudo
395 374 503 440 montis,
521 390 574 428 non
593 390 688 428 murus
705 373 800 442 oppidi
816 374 929 428 tardare

71 449 216 518 potuisset,
235 452 312 502 tanto
330 465 413 517 opere
431 450 566 504 licentiam
583 449 821 519 arrogantiamque
837 467 929 519 repre·

73 525 202 591 bendere,
219 525 295 594 quod
317 526 380 594 plus
404 543 434 579 se
452 543 534 593 quam
551 524 745 594 imperatorem
763 526 800 582 de
816 527 930 582 victoria

74 605 158 668 atque
176 599 253 655 exitu
264 618 356 655 rerum
369 603 471 655 sentire
484 602 688 665 existimarent:
698 619 749 656 nec
761 603 850 656 minus
862 621 892 657 se
900 605 929 656 in

75 678 163 732 milite
172 677 336 730 modestiam
348 681 378 731 et
390 678 585 732 continentiam
599 695 682 746 quam
696 679 829 733 virtutem
845 684 929 748 atque

30 786 33 791 ·
73 754 156 808 animi
169 752 386 821 magnitudinem
399 754 563 825 desiderare.

127 836 167 884 53.
205 831 267 884 Hac
281 829 376 883 habita
392 831 518 884 contione
534 834 563 884 et
578 831 616 884 ad
631 833 786 885 extremum
804 830 928 884 oratione

73 907 241 961 confirmatis
253 906 393 974 militibus,
406 907 432 960 N
434 923 449 960 e
461 905 497 959 ob
509 907 578 960 hanc
590 924 699 960 causam
715 906 805 960 animo
821 923 928 976 permo-

73 986 211 1051 verentur,
231 1000 285 1036 ueu
308 983 384 1052 quod
400 982 531 1051 iniquitas
548 982 600 1036 loci
617 983 757 1037 attulisset
780 983 810 1036 id
832 983 928 1037 virtuti

74 1058 194 1113 hostium
206 1060 369 1126 tribuerent,
382 1060 478 1113 eadem
491 1059 527 1112 de
539 1059 707 1126 proiectione
722 1059 844 1127 cogitans
858 1076 928 1128 quae

74 1139 140 1189 aute
152 1138 283 1201 senserat,
295 1135 416 1203 legiones
425 1151 459 1188 ex
469 1135 565 1207 castris
575 1134 672 1187 eduxit
681 1135 821 1202 aciemque
829 1135 928 1190 idoneo

73 1212 133 1266 loco
156 1212 306 1266 constituit.
343 1213 433 1278 Quum
457 1211 666 1277 Vercingetorix
689 1211 881 1264 nihilominus
900 1213 928 1265 in

74 1305 192 1356 aequum
210 1289 299 1343 locum
319 1288 509 1354 descenderet,
527 1286 580 1340 levi
599 1287 671 1340 lacto
687 1287 809 1354 equestri
825 1288 929 1356 proelio

74 1367 159 1433 atque
175 1381 208 1419 eo
227 1365 346 1419 secundo
363 1365 392 1418 in
409 1367 500 1417 castra
516 1363 667 1416 exercitum
685 1362 803 1416 reduxit.
839 1363 928 1427 Quum

74 1441 126 1495 lroc
144 1441 219 1508 idem
237 1445 349 1510 postero
367 1440 414 1495 die
427 1440 543 1505 fecisset,
560 1439 627 1492 satis
643 1439 679 1503 ad
695 1439 826 1492 Gallicam
841 1443 929 1493 osten-

75 1517 208 1572 tationem
226 1518 401 1572 minueudam
418 1517 592 1585 militumque
610 1516 712 1568 animos
730 1514 928 1568 confirmandos

75 1595 178 1648 iactum
197 1595 357 1648 existimans
375 1595 403 1647 iu
423 1593 538 1647 Aeduos
561 1592 649 1646 movit
667 1596 764 1645 castra.
803 1591 846 1644 Ne
869 1594 929 1646 tum

76 1670 189 1740 quidem
206 1670 335 1725 insecutis
352 1669 477 1724 hostibus
494 1669 579 1723 tertio
596 1669 642 1722 die
660 1669 696 1722 ad
713 1667 813 1721 flumen
830 1667 930 1721 Elaver

75 1750 189 1816 pontem
200 1747 297 1802 refecit
308 1749 393 1814 atque
405 1745 557 1799 exercitum
569 1744 734 1798 transduxit.

128 1829 169 1876 54.
206 1822 251 1876 Ibi
275 1840 292 1876 a
314 1822 480 1876 Virdumaro
504 1824 589 1890 atque
613 1821 799 1890 Eporedorige
823 1819 930 1874 Aeduis

76 1899 230 1968 appellatus
242 1899 323 1952 discit
335 1892 481 1952 cumomni
496 1897 622 1966 equitatu
637 1897 789 1950 Litru'ieum
806 1896 842 1950 ad
858 1896 930 1950 solli-

75 1975 202 2028 citandos
221 1975 334 2028 Aeduos
347 1974 516 2042 proiectum
537 1990 606 2042 opus
624 1989 684 2026 csse
697 1971 748 2042 [ct]
765 1973 840 2042 ipsos
855 1977 928 2026 antc-

73 2051 176 2116 ,cedere
197 2050 233 2104 ad
253 2049 468 2104 confirmandam
492 2049 638 2104 ciuitatem.
675 2049 734 2104 Etsi
757 2049 851 2103 multis
870 2049 930 2117 jam

76 2127 158 2180 rebus
174 2128 319 2196 perfidiam
337 2126 498 2180 Aeduorum
515 2129 688 2194 perspectam
704 2125 830 2192 habebat,
846 2129 930 2194 atque

77 2203 175 2257 hoium
188 2203 308 2257 discessu
322 2201 491 2256 admaturari
504 2201 688 2255 deiectionem
702 2202 821 2256 civitatis
838 2203 931 2256 existi-

77 2279 177 2345 mabat,
190 2282 283 2333 tamen
296 2294 342 2332 eos
353 2278 513 2340 retinendos
524 2293 579 2331 non
592 2277 706 2344 censuit,
718 2294 753 2332 ne
767 2284 816 2332 aut
829 2278 930 2332 inferre

76 2355 204 2427 iujuriam
228 2355 376 2421 videretur,
395 2358 443 2408 aut
467 2354 533 2407 dare
556 2353 664 2407 timoris
682 2354 801 2422 aliquam
820 2354 931 2422 suspici-

77 2448 164 2485 oucm.
195 2430 407 2485 Discedentibus
418 2429 594 2484 his‘breviter
606 2446 656 2483 sua
666 2429 694 2483 in
708 2429 821 2483 Aeduos
831 2429 932 2482 merita

77 2507 198 2576 exponit,
210 2523 279 2575 quos
291 2510 321 2560 et
335 2523 416 2575 quam
432 2505 549 2559 humiles
565 2506 723 2574 accepisset,
736 2504 888 2572 compulsos
902 2505 931 2557 in

77 2583 185 2652 oppida,
198 2583 329 2636 inultatos
344 2582 425 2650 agris,
439 2581 564 2634 omnibus
583 2581 684 2649 ereptis
700 2581 792 2650 copiis,
804 2581 931 2649 imposito

78 2658 222 2728 stipendio,
235 2657 376 2712 obsidibus
388 2672 495 2711 summa
508 2673 571 2710 cum
585 2656 749 2710 contumelia
763 2656 887 2724 extortis,
902 2661 932 2710 et

78 2752 160 2804 quam
172 2734 200 2788 in
211 2735 349 2788 fortunam
361 2748 498 2802 quamque
509 2733 538 2785 in
550 2733 758 2802 amplitudinem
770 2731 932 2787 deduxisset

78 2816 175 2865 utnon
190 2811 276 2865 solum
288 2809 316 2862 iu
328 2809 473 2878 pristinum
486 2812 588 2863 statum
600 2809 744 2872 redissent,
752 2807 801 2861 sed
812 2808 932 2861 omnium

79 2893 233 2956 temporum
253 2885 416 2954 dignitatem
430 2891 460 2942 et
481 2886 599 2954 gratiam
614 2885 791 2938 antecessisse
806 2883 933 2938 uideren-

78 2968 132 3018 tur.
169 2964 221 3017 llis
233 2962 306 3016 datis
318 2961 456 3015 mandatis
467 2978 514 3016 eos
526 2961 561 3015 ab
574 2961 732 3014 sedimisit.
898 3023 906 3035 ἱ

130 3046 169 3093 55.
206 3040 234 3092 N
234 3037 401 3094 oriodunnm
414 3043 478 3096 erat
490 3038 634 3112 oppidum
648 3037 822 3090 heduorum
830 3027 878 3078 aa
887 3031 989 3107 ssew*

69 3115 178 3181 Ligeris
203 3120 366 3186 opportuno
386 3117 452 3174 loco
470 3119 617 3192 positum.
649 3113 729 3167 linc
752 3107 866 3159 massar
892 3094 988 3137 mm

57 3188 172 3246 obsides
186 3193 304 3265 Galliae,
318 3194 523 3269 frumentum,
534 3193 704 3270 pessumam
711 3162 989 3256 annumerasti*
