2018 3396
439 111 550 160 LIBER
566 111 591 160 1.
926 106 941 157 'o'

87 158 176 246 ituros
192 193 276 259 atque
294 191 332 244 ibi
350 191 458 244 futures
478 191 618 244 Helvetios
634 190 682 244 ubi
699 207 747 245 eos
763 190 864 246 Caesar
881 209 943 246 con-

88 268 222 321 stituisset
241 270 325 334 atque
343 282 404 339 esse
417 267 568 337 ¹¹uoluisset:
587 267 628 319 sin
647 267 724 335 bello¹
734 268 867 337 persequi
883 285 942 336 pcr-

88 346 235 410 severaret,
255 322 477 396 reminls‘eeletur
495 346 524 396 et
545 343 647 395 veteris
666 340 830 396 incommodi
850 345 942 413 populi

89 420 205 474 Romani
228 423 257 473 et
276 418 407 488 pristinae
431 419 541 472 rimatis
563 419 760 472 Helvetiorum.
793 419 874 483 Quod
893 422 943 475 im-
967 408 989 443 ‘³

87 497 195 564 proviso
208 512 292 549 unum
304 512 406 564 pagum
418 495 532 548 adortus
545 497 627 560 esset,
640 511 723 563 quum
737 494 766 548 hi
781 496 828 565 qui
842 497 942 552 flumen

87 573 250 626 transissent
270 572 325 625 suis
344 571 473 625 auxilium
489 571 563 624 ferre
577 587 631 624 non
646 575 813 640 possentne
830 572 865 626 ob
881 590 942 627 eam

87 665 146 703 rem
163 653 211 704 sut
231 666 296 703 suae
315 665 414 716 magno
434 664 516 717 opere
535 648 633 701 virtuti
652 648 788 702 tribueret
807 652 854 702 aut
869 650 942 718 ipsos

88 724 258 793 despiceret:
275 741 305 779 se
316 725 356 778 ita
367 741 384 778 a
395 724 519 792 patribus
531 723 735 793 majoribusque
748 725 802 778 suis
815 725 942 780 didicisse

86 805 119 854 ut
137 802 224 869 magis
243 801 346 854 virtute
365 817 447 868 quam
468 800 531 853 dolo
551 800 751 853 contenderent
771 801 942 855 aut·insidiis

87 876 247 931 niterentur.
285 877 376 941 Quare
394 893 429 930 ne
447 876 632 930 committeret
649 880 682 929 ut
698 877 721 930 is
736 877 809 930 locus
820 877 867 930 ubi
879 895 941 931 con-

87 952 223 1007 stitissent
242 970 277 1006 ex
297 953 451 1007 calamitate
471 952 562 1021 populi
581 952 696 1005 Romani
712 957 741 1006 ct
755 953 941 1008 internecione

87 1029 224 1082 exercitus
235 1046 333 1082 nomen
345 1032 456 1096 caperet
467 1032 516 1082 aut
527 1028 685 1082 memoriam
697 1028 833 1096 proderet.

66 1148 68 1153 .
142 1109 180 1157 14.
218 1104 271 1157 His
290 1104 391 1158 Caesar
408 1104 448 1157 ita
465 1104 622 1176 respondit:
641 1104 681 1156 Eo
696 1104 746 1157 sibi
760 1106 850 1158 minus
863 1105 941 1159 dubi-

87 1179 198 1232 tationis
216 1180 275 1233 dari
293 1180 367 1248 quod
385 1195 431 1233 eas
448 1196 493 1233 res
512 1196 580 1248 quas
591 1180 675 1246 legati
688 1180 810 1234 Helvetii
824 1198 940 1235 comme·

86 1259 239 1308 morassent
253 1256 385 1308 momoria
398 1258 515 1323 teneret,
527 1260 611 1324 atque
626 1271 658 1308 eo
674 1255 785 1323 gravius
798 1256 871 1309 forre
886 1274 941 1325 quo

87 1330 174 1383 minus
189 1332 287 1385 merito
298 1331 392 1399 pepuli
407 1331 523 1384 Romani
541 1330 710 1398 accidissent,
728 1331 774 1399 qui
790 1331 813 1384 si
828 1332 940 1399 alicujus

86 1406 201 1473 injuriae
218 1408 269 1460 sibi
285 1408 407 1461 conscius
420 1407 525 1474 fuisset,
538 1422 593 1459 non
604 1406 688 1480 inisse
705 1407 812 1460 difficile
825 1424 940 1473 cavere;

87 1481 137 1534 sed
149 1499 181 1534 eo
194 1482 339 1552 deceptrmr
349 1482 423 1552 quod
432 1498 522 1550 neque
530 1481 701 1537 commissum
711 1499 728 1536 a
737 1498 766 1535 se
775 1482 941 1551 intelligeret

87 1574 172 1625 quare
196 1558 314 1617 timeret
338 1575 427 1626 neque
451 1560 509 1612 sine
532 1574 614 1612 eausa
639 1557 790 1628 timendum
820 1563 938 1627 putaret.

88 1633 206 1698 Quodsi
222 1635 321 1688 veteris
337 1635 518 1689 eontmneliae
537 1634 658 1688 oblivisci
672 1633 763 1700 vellet,
776 1650 840 1687 num
856 1634 939 1689 etiam

86 1709 235 1762 recentium
246 1709 414 1778 injuriarum,
421 1710 496 1779 quod
508 1727 540 1763 eo
552 1710 636 1763 invito
648 1710 702 1763 iter
713 1726 763 1778 per
774 1711 938 1779 provinciam

86 1786 203 1851 pervim
215 1788 376 1854 tentassent
386 1785 461 1855 quod
474 1786 593 1852 Aeduos,
605 1786 679 1855 quod
692 1785 851 1855 Ambarros,
864 1787 939 1855 quod

87 1859 250 1929 Allobrogas
262 1866 415 1928 vexassent,
421 1862 580 1915 memoriam
593 1862 730 1930 deponere
742 1864 839 1931 pessel
859 1863 939 1926 Quod
969 1894 985 1925 ›,

86 1952 135 1989 sua
153 1937 341 1991 materiatam
362 1939 512 1992 insolenter
530 1939 712 2006 gloriarentur
732 1940 860 2007 quodque
881 1943 938 1993 tam

87 2011 133 2064 diu
146 2029 176 2066 se
187 2013 297 2080 impune
308 2013 421 2081 injurias
432 2015 528 2068 tulisse
542 2014 750 2081 admirarentur,
762 2015 860 2069 eodem
877 2031 939 2084 per-

85 2088 180 2142 tinere.
218 2089 369 2144 Consuesse
387 2091 460 2143 enim
479 2091 546 2144 deos
563 2091 738 2159 immortales,
757 2108 811 2160 quo
829 2093 939 2158 gravius

86 2163 209 2218 hominos
237 2180 272 2219 ex
300 2167 510 2220 commutatione
538 2183 630 2220 rerum
654 2166 772 2235 doleant,
797 2183 864 2234 ques
887 2185 939 2235 pro

86 2240 189 2294 scelere
210 2257 303 2295 eorum
322 2241 415 2295 ulcisci
433 2243 524 2308 velint,
540 2242 581 2296 his
605 2242 777 2296 secundiores
800 2243 938 2297 interdum

87 2332 130 2369 res
144 2320 174 2370 et
188 2315 385 2370 diuturniorem
399 2318 588 2386 impunitatem
607 2319 762 2373 concedere.
802 2319 891 2383 Quum
904 2337 938 2372 ee
967 2367 969 2370 ,

85 2391 125 2444 ita
141 2392 203 2460 sint,
215 2395 314 2461 tamen
328 2394 351 2446 si
366 2393 476 2447 obsides
493 2394 528 2448 ab
545 2394 579 2447 iis
593 2395 645 2448 sibi
660 2395 759 2449 dentur
770 2396 812 2450 uti
824 2412 856 2448 ea
868 2413 938 2463 quae

86 2467 265 2536 polliceantur
282 2469 402 2524 facturos
417 2470 560 2539 intelligat,
572 2473 602 2524 et
618 2471 641 2524 si
658 2471 764 2524 Aeduis
779 2470 814 2524 de
833 2471 938 2538 injuriis
963 2487 966 2493 ·

54 2581 60 2592 .
87 2559 154 2611 quas
168 2543 234 2611 ipsis
248 2545 381 2614 sociisque
398 2562 491 2599 eorum
505 2546 655 2612 intulerint,
667 2547 734 2600 item
747 2546 770 2599 si
783 2546 938 2614 Allobrogi-

86 2619 137 2672 bus
161 2621 336 2688 satisfaciant,
361 2628 420 2676 sese
444 2639 505 2676 curn
528 2623 561 2675 iis
587 2639 682 2691 pacem
709 2638 769 2676 esse
792 2622 936 2676 facturum.

88 2695 181 2749 Divico
197 2697 352 2766 respondit:
371 2698 417 2751 lta
433 2698 576 2752 Helvetios
589 2715 606 2750 a
619 2697 769 2764 majoribus
788 2699 842 2750 suis
861 2699 938 2751 iusti-

85 2772 161 2825 tutos
173 2788 233 2827 esse
244 2773 285 2827 uti
297 2773 405 2827 obsides
417 2775 539 2842 accipere
551 2791 604 2827 non
617 2774 684 2827 dare
695 2773 864 2828 consuerint:
877 2773 938 2841 ejus

86 2847 127 2900 rei
138 2848 267 2916 populum
280 2849 431 2903 Romanum
444 2866 504 2904 esse
515 2853 623 2904 testem.
655 2849 716 2902 Hoc
728 2864 858 2916 response
870 2849 937 2904 dato

87 2923 219 2978 discessit

141 3006 180 3054 15.
217 3000 331 3056 Postero
350 3001 395 3056 die
414 3004 505 3056 castra
524 3019 559 3055 ex
578 3017 611 3056 so
626 2999 685 3054 loce
700 3001 829 3054 merente
856 3001 959 3048 xilem

85 3076 152 3131 facit
164 3075 265 3130 Caesar
276 3079 488 3149 equitatumque
500 3095 619 3133 emnem
627 3075 671 3130 ab
677 3085 840 3126 nuntiarem
848 3068 980 3132 <dasem

82 3153 194 3224 milium,
207 3171 290 3226 quem
304 3172 339 3213 cn
352 3157 430 3214 onroi
441 3157 595 3230 prouincia
606 3157 641 3210 et
656 3147 775 3207 aeduis
786 3146 887 3203 assuas
899 3136 989 3181 effi*
