2018 3396
109 130 140 180 90
369 128 398 177 0.
417 127 435 176 J
438 127 520 177 ULII
537 127 710 178 CAESARIS

109 207 243 264 excedant
262 211 369 264 etcum
385 208 547 276 Ambiorige
561 225 616 262 uua
632 198 835 279 colloquan'tur3
854 228 965 281 sperare

42 321 45 327 ·
109 286 144 341 ab
157 303 190 340 eo
202 285 238 338 de
250 284 471 338 suaaemilitum
488 285 740 354 saluteimpetrare
756 304 843 355 posse.
881 289 965 342 Cotta

109 379 140 416 se
167 361 203 414 ad
226 363 361 414 armatum
389 359 496 413 hostem
523 361 627 413 iturum
654 366 736 429 negat
764 366 848 430 atque
875 363 903 416 iu
930 381 964 418 eo

108 437 239 491 const’tit.

72 530 80 569 .’
161 517 201 570 37.
239 511 357 565 Sabinus
369 527 438 578 quos
447 511 474 565 in
484 511 640 580 praesentia
649 513 774 567 tribunos
782 514 899 568 militum
912 515 965 568 cir-

108 606 170 642 cum
188 605 218 642 se
241 587 363 641 habebat
380 590 411 641 et
426 587 577 656 primorum
596 589 723 643 ordinum
743 591 914 644 centuriones
933 608 965 645 se

109 665 186 733 sequi
203 664 293 733 jubet,
311 668 340 719 et
358 681 442 734 quum
460 665 572 733 propius
591 666 779 734 Ambiorigem
797 668 963 734 accessisset,

105 741 199 808 jussus
215 757 291 794 arma
306 740 426 808 abjicere
444 740 608 808 imperatum
626 741 692 795 facit
710 742 820 811 suisque
837 746 869 796 ut
887 743 963 795 idem

108 816 209 870 faciant
220 817 344 884 imperat.
383 816 500 868 Interim
513 816 578 869 dum
591 817 627 870 de
638 818 838 870 condit-ionibus
847 819 920 870 inter
932 835 963 872 se

108 897 194 960 agunt
205 893 366 960 longiorque
378 892 502 945 consulto
514 892 549 945 ab
563 891 723 960 Ambiorige
737 894 890 946 instituitur
906 910 963 947 ser-

108 985 160 1033 mo,
173 969 315 1037 paullatim
327 968 528 1023 circumventus
539 969 711 1023 interficitur.
746 970 815 1022 'lum
831 985 896 1023 vero
913 987 963 1024 sue

109 1061 184 1097 more
197 1045 338 1099 victoriam
350 1045 519 1098 conclamant
535 1048 620 1115 atque
635 1045 769 1098 ululatum
785 1045 894 1111 tollunt,
911 1047 963 1099 im-

108 1127 229 1191 petuque
252 1121 281 1174 in
304 1125 412 1173 nostros
435 1121 508 1174 laeto
531 1121 641 1174 ordines
659 1120 831 1188 perturbant.
867 1121 912 1174 Ibi
930 1121 962 1175 L.

109 1197 191 1251 Getta
202 1213 326 1266 pugnans
341 1195 506 1251 interficitur
522 1213 584 1250 cum
600 1197 718 1250 maxima
733 1200 813 1265 parte
829 1197 962 1262 militum;

108 1273 208 1341 reliqui
232 1290 262 1328 se
285 1273 314 1327 in
337 1276 428 1327 castra
450 1273 587 1341 recipiunt
604 1273 678 1326 unde
697 1276 777 1327 erant
794 1274 909 1340 egressi:
927 1290 960 1326 ex

108 1349 209 1418 quibus
233 1351 262 1404 L.
282 1349 452 1404 Petrosidius
470 1348 604 1417 aquilifer,
623 1365 707 1418 quum
724 1365 822 1416 magna
839 1349 962 1402 multitu·

108 1425 172 1480 dinc
184 1427 304 1481 hostium
316 1428 496 1495 premeretur,
509 1425 629 1494 aquilam
640 1425 713 1478 iutra
725 1425 824 1478 vallum
837 1425 961 1492 projecit,

108 1502 167 1571 ipse
179 1519 229 1571 pro
241 1504 336 1556 castris
348 1501 496 1567 fortissime
508 1518 632 1570 pugnans
645 1500 785 1576 occiditur.
823 1500 866 1553 Illi
879 1517 961 1567 aegre

108 1579 144 1632 ad
167 1583 275 1632 noctem
299 1577 529 1646 oppugnationem
554 1577 703 1630 sustinent:
721 1581 804 1630 noctu
822 1577 858 1630 ad
876 1593 960 1630 unum

108 1670 202 1708 omnes
225 1655 371 1723 desperata
389 1653 478 1706 salute
495 1670 524 1706 se
542 1652 595 1720 ipsi
612 1653 788 1706 interficiunt.
825 1654 905 1706 Pauci
926 1670 961 1706 cx

108 1733 211 1801 proelio
221 1731 304 1798 elapsi
313 1729 426 1784 incertis
433 1729 577 1783 itineribus
584 1745 635 1797 per
643 1728 723 1782 silvas
730 1728 765 1782 ad
773 1729 803 1783 Τ.
812 1729 961 1782 Labienum
973 1772 979 1782 .

108 1807 228 1874 legatum
252 1808 281 1861 in
304 1806 419 1860 hiberna
441 1806 605 1874 perveniunt
627 1807 712 1875 atque
735 1821 798 1860 eum
822 1804 961 1860 derebus

107 1883 193 1950 gestis
206 1883 351 1936 certiorem
365 1883 476 1935 faciunt.

80 1976 94 2006 r
160 1964 200 2012 38.
237 1959 297 2012 Hac
321 1958 435 2013 victoria
459 1958 582 2013 sublatus
606 1957 751 2012 Ambiorix
780 1957 873 2011 statim
897 1972 959 2008 cum

107 2035 235 2103 equitatu
258 2034 287 2088 in
305 2035 473 2102 Aduatucos,
493 2033 540 2102 qui
557 2037 637 2088 erant
654 2032 715 2101 ejas
735 2048 820 2100 regno
844 2032 958 2095 finitimi,

107 2110 304 2178 proficiscitur;
327 2127 417 2179 neque
440 2114 549 2163 noctem
573 2126 663 2178 neque
691 2109 764 2162 diem
791 2109 959 2175 intermittit,

107 2185 317 2254 peditatumque
329 2184 381 2255 [se]
393 2187 469 2252 sequi
478 2185 566 2254 jubet.
603 2186 645 2239 Re
661 2185 848 2239 demonstrata
865 2184 959 2237 Adua-

107 2262 232 2331 tucisque
244 2263 386 2317 concitatis
397 2265 507 2331 postero
519 2262 565 2316 die
576 2262 605 2315 iu
622 2259 736 2315 Nervios
752 2260 878 2329 pervenit
897 2260 959 2313 hor-

106 2342 237 2408 taturque
248 2355 283 2392 ne
296 2339 338 2392 sui
348 2339 375 2391 in
387 2342 551 2408 perpetuum
563 2337 695 2392 liberandi
711 2339 795 2404 atque
812 2335 959 2390 ulciscendi

107 2416 244 2470 Romanos
267 2431 317 2485 pro
340 2414 383 2468 his
407 2431 475 2484 quas
495 2415 649 2483 acceperint
665 2413 774 2482 injuriis
791 2413 960 2466 occasionem

106 2492 263 2547 dimittant:
288 2492 447 2546 interfectos
470 2508 530 2545 csse
553 2491 659 2559 legatos
682 2490 752 2544 duos
776 2505 959 2557 magnamque

105 2572 213 2635 partem
226 2570 362 2623 exereitus
374 2569 500 2622 interisse
513 2567 698 2632 demonstrat3
709 2565 777 2619 nihil
787 2581 846 2620 esse
855 2566 959 2632 negotii

106 2644 197 2698 subito
213 2662 370 2715 oppressam
387 2644 521 2712 legionem
540 2659 610 2712 quae
628 2659 689 2697 cum
707 2642 840 2696 Cicerone
856 2641 960 2694 hiemet

106 2719 237 2786 interfici3
259 2738 289 2776 se
305 2722 341 2775 ad
353 2737 413 2776 eam
431 2735 490 2773 rem
506 2719 653 2789 profitetur
668 2718 831 2786 adjutorem
867 2716 959 2770 Facile

106 2794 156 2849 hac
168 2799 292 2852 oratioue
305 2798 413 2852 Nerviis
425 2795 582 2865 persuadet.
857 2787 866 2802 ’

158 2879 198 2927 39.
236 2875 335 2942 Itaque
347 2873 488 2927 confestim
501 2872 619 2925 dimissis
631 2871 735 2925 nunciis
746 2869 782 2925 ad
797 2870 957 2934 Ceutrones,

108 2948 232 3014 Grudios,
245 2950 373 3016 Levacos,
389 2948 569 3016 Pleumoxios,
582 2947 728 3015 Geiduuos,
741 2946 789 3014 qui
801 2962 895 2998 omnes
907 2943 958 2998 sub

86 3035 186 3074 eorum
202 3025 322 3092 imperio
337 3031 411 3095 sunt,
426 3043 511 3098 quam
528 3024 664 3080 maximas
677 3039 777 3077 manus
790 3024 906 3088 possunt
919 3035 963 3071 eu

62 3095 143 3148 evat
160 3099 195 3148 et
214 3098 253 3152 de
270 3103 432 3174 improviso
458 3105 495 3161 ad
523 3103 669 3161 Ciceronis
691 3099 817 3154 biberna
838 3091 982 3150 aduoluuts

47 3162 242 3227 nondumne
261 3195 331 3234 eum
351 3182 434 3240 fania
453 3183 491 3242 dc
513 3181 626 3240 Titurii
644 3180 743 3234 morte
757 3170 887 3245 perlata.
916 3159 998 3219 mli
