2018 3396
430 129 541 178 LIBER
557 130 591 178 V.
884 136 936 183 sus

81 227 174 266 omues
191 212 380 265 removerunt:
398 211 468 263 nutu
485 208 764 278 vocibusquo·hostes
783 208 805 262 si
823 208 937 264 introire

81 288 184 341 vellent
207 303 303 340 vocare
326 289 483 355 coeperunt,
507 301 623 354 quorum
646 285 777 354 progredi
794 301 877 339 ansus
894 291 937 340 est

81 380 167 417 nomo.
193 364 261 416 Tum
273 379 308 416 ex
320 363 393 417 omni
405 365 485 431 parte
497 360 634 430 lapidibus
645 361 776 430 conjectis
788 362 937 428 deturbati,

80 436 220 508 turrisque
232 452 362 493 succensa
373 444 423 493 est.

132 522 173 569 44.
210 513 298 569 lirant
315 516 344 568 in
358 533 391 569 ea
405 515 511 583 legione
527 514 669 569 fortissimi
686 515 739 569 viri
756 515 936 584 centuriones,

81 591 128 660 qui
141 591 200 658 jam
215 592 310 660 primis
326 591 468 645 ordinibus
482 591 739 660 appropinquarent,
757 591 786 646 Τ.
803 592 891 646 Pullio
907 596 937 646 et

84 667 111 720 lx
125 668 257 721 Varenus.
295 668 334 721 Hi
346 671 493 737 perpetuas
507 668 581 720 iuter
597 684 626 721 sc
642 667 840 727 controversias
856 668 937 722 habc-

80 742 147 797 baut
167 745 278 812 quinam
299 745 491 812 anteferretur,
511 744 693 813 omnibusque
716 745 794 798 annis
819 745 854 798 de
877 745 936 799 loeo

80 821 193 873 summis
205 821 390 874 simultatibus
401 820 611 874 contendebant.
641 822 683 874 lix
692 821 735 875 his
746 821 841 889 Puliie,
851 838 935 889 quum

80 897 211 949 acerrime
223 897 260 949 ad
268 897 432 951 munitiones
441 900 615 966 pugnaretur,
627 896 700 961 Quid
710 897 827 962 dubitas,
837 897 934 966 inquit,

82 971 198 1039 Vareno,
211 976 258 1025 aut
274 990 355 1042 quem
370 974 458 1026 locum
474 977 539 1026 tuae
557 972 716 1041 probandae
731 973 842 1026 virtutis
860 991 935 1042 spee-

80 1049 140 1100 tasl
159 1048 202 1103 bic
220 1049 280 1102 dies
298 1049 334 1102 de
351 1049 453 1103 nostris
470 1048 662 1111 controversiis
677 1048 820 1116 judicabit.
857 1049 936 1102 Hace
977 1048 996 1099 *l

81 1140 165 1190 quum
178 1125 301 1191 dixisset,
310 1124 436 1193 procedit
448 1128 527 1177 extra
541 1125 714 1193 munitiones,
731 1142 855 1193 quaeque
870 1141 934 1194 pars

80 1198 199 1254 hostium
223 1199 423 1253 confertissima
441 1206 484 1252 est
501 1200 565 1264 visa,
584 1201 611 1252 in
637 1217 696 1253 eam
720 1201 854 1269 irrumpit.
891 1202 934 1254 Ne

80 1273 206 1347 Varenus
225 1276 336 1343 quidem
354 1278 415 1327 tum
433 1290 493 1327 seso
511 1275 581 1328 vallo
599 1276 728 1342 continet,
746 1277 795 1329 sed
814 1276 932 1329 omnium

80 1354 184 1407 veritus
207 1354 436 1407 existimationem
461 1352 645 1420 subsequitur.
685 1353 818 1407 Mediocri
845 1356 933 1422 spatio

79 1429 174 1482 relicto
190 1430 278 1482 Pulfio
296 1430 380 1497 pilum
399 1429 427 1481 in
444 1428 537 1482 hostes
555 1429 680 1483 immittit
695 1433 780 1498 atque
795 1447 879 1482 unum
898 1447 933 1505 cx

79 1505 256 1558 multitudine
278 1508 485 1573 procurrentem
509 1505 653 1572 transjicit,
677 1520 731 1571 quo
754 1521 882 1573 percusso
904 1511 933 1561 et

79 1581 233 1634 exanimato
256 1581 328 1634 huuc
346 1582 430 1634 scutis
447 1584 599 1650 protegunt
617 1579 716 1648 hostes,
735 1580 764 1633 in
782 1581 858 1634 illum
876 1583 933 1636 tela

79 1656 198 1711 universi
215 1657 363 1725 conjiciunt
379 1674 468 1726 neque
485 1658 553 1711 daut
570 1656 747 1725 regrediundi
765 1656 931 1713 facultatem.

80 1731 260 1800 Transfigitur
290 1737 397 1787 scutum
427 1732 542 1786 Pulfioni
570 1737 599 1787 et
628 1737 755 1786 verutum
782 1733 811 1786 in
841 1733 932 1788 balteo

79 1808 215 1878 defigitur.
254 1810 365 1863 Avertit
382 1809 426 1863 hie
444 1824 522 1863 casus
540 1809 666 1876 vaginam
683 1812 712 1862 ot
727 1809 850 1876 gladium
866 1811 930 1864 edu·

10 1876 12 1885 '
78 1900 140 1937 cere
171 1886 279 1938 conanti
311 1885 437 1938 dextram
465 1888 587 1938 moratur
614 1901 739 1938 manum:
768 1885 931 1954 impeditum

52 1959 171 2013 ·lrostes
194 1961 405 2016 circumsistunt.
442 1959 583 2015 Succurrit
601 1961 725 2014 inimicus
743 1961 783 2015 illi
804 1962 931 2018 Varenus

77 2040 107 2089 et
118 2035 252 2090 laboranti
265 2037 400 2092 subvenit.
437 2038 483 2091 Ad
495 2038 566 2090 huuc
579 2054 609 2091 se
621 2037 762 2091 confestim
774 2054 791 2092 a
807 2038 930 2095 l'ulfione

77 2112 164 2165 omnis
186 2112 336 2167 multitudo
359 2114 510 2168 convertit:
534 2113 623 2183 [illum
647 2118 744 2168 veruto
768 2117 928 2170 transfixum
975 2180 977 2184 Ι

76 2187 265 2257 arbitrantur]
302 2188 434 2243 Occursat
452 2189 526 2243 ocius
542 2189 635 2255 gladio
653 2191 855 2260 comminusque
871 2209 928 2246 rem
961 2237 966 2248 .

76 2263 148 2328 gerit
169 2264 304 2331 Varenus,
326 2267 410 2332 atque
431 2282 485 2318 uno
505 2265 650 2318 interfecto
671 2266 790 2333 reliquos
808 2266 928 2334 paullum

76 2339 219 2406 propellit;
243 2340 309 2394 dum
335 2339 461 2409 cupidius
487 2340 579 2408 instat,
604 2340 632 2393 in
659 2340 748 2394 locum
774 2341 928 2398 inferiorem

77 2413 200 2482 dejectus
213 2416 337 2470 concidit.
375 2416 448 2469 Huic
460 2432 555 2471 rursus
572 2417 756 2470 circumvento
771 2417 828 2472 fert
844 2419 930 2472 subsi-

76 2489 152 2543 dium
170 2491 265 2559 Pallio,
282 2496 366 2560 atquo
383 2491 464 2544 ambo
481 2491 629 2544 incolumes
647 2493 763 2559 complui
769 2492 830 2546 ibus
847 2494 930 2548 inter-

76 2565 154 2618 fectis
166 2583 271 2620 summa
283 2584 345 2621 cum
356 2567 440 2621 lande
452 2583 512 2621 sese
524 2566 597 2620 intra
609 2568 774 2620 munitiones
785 2569 928 2637 recipiunt.

76 2641 121 2695 Sic
136 2643 246 2696 fortuna
262 2644 290 2697 iu
306 2643 480 2697 contentione
497 2646 526 2697 et
540 2645 689 2698 certamine
706 2647 853 2713 utrumque
869 2662 929 2699 ver-

76 2717 146 2772 savit
168 2722 201 2771 ut
224 2720 296 2773 alter
320 2719 399 2773 alteri
422 2719 549 2772 inimicus
573 2719 674 2772 auxili.)
692 2719 828 2788 salutique
846 2725 927 2789 esset,

75 2809 164 2861 neque
184 2793 330 2861 dijudicari
347 2800 441 2862 posset
458 2799 522 2848 uter
540 2795 596 2848 utri
614 2791 716 2848 virtute
733 2796 927 2850 anteferendus

75 2868 221 2923 videretur.

126 2950 166 2997 45.
203 2945 311 3009 Quanto
328 2950 389 3000 erat
402 2945 430 2998 in
447 2945 508 3000 dies
523 2945 635 3014 gravior
652 2948 743 3011 atoue
756 2941 889 3003 asperum
904 2949 959 2992 sp-

878 3000 989 3048 nucem

67 3020 208 3088 pugnatiO,
219 3028 247 3074 et
258 3021 380 3078 maxime
392 3024 471 3094 quod
482 3039 594 3093 magna
601 3023 691 3091 parte
700 3015 838 3070 muitum
845 3021 883 3056 m
943 3058 996 3108 ὦ

63 3093 221 3150 vulneribus
244 3114 293 3153 res
313 3100 355 3155 ad
376 3103 563 3174 paucitatem
588 3099 792 3154 ostensorum
806 3080 996 3180 persffissffi

51 3169 130 3285 tarpio
145 3173 309 3234 crebriores
327 3179 456 3238 litterae
470 3179 648 3246 punctique
665 3170 713 3227 ab
729 3158 914 3218 C'effim
