2018 3396
442 130 552 179 LIBER
569 129 601 179 V.
631 137 632 141 ’
791 132 796 143 ’
920 121 951 167 99

106 232 155 270 nes
178 217 295 286 puberes
319 212 418 268 armati
436 209 579 263 convenire
600 212 779 264 consuerunt:
802 209 850 280 qui
870 225 905 264 ex
923 207 958 262 iis

106 293 267 345 novissimus
292 291 374 354 venit,
399 287 427 339 in
450 293 601 355 conspectu
625 285 809 338 multitudinis
833 279 979 340 omnibus'

106 368 270 421 cruciatibus
283 366 407 418 adfectus
422 368 543 416 necatur.
579 362 613 414 In
629 377 662 414 co
677 361 792 414 concilio
807 362 957 430 Cingetori-

105 461 176 512 gem,
188 444 301 496 alterius
316 441 466 509 principem
482 439 614 505 factionis,
625 454 758 504 generum
773 454 861 505 suum,
875 455 956 506 quem

26 562 32 572 .
106 537 189 588 supra
214 517 460 572 domonstravimus
486 514 613 569 Caesaris·
627 512 852 568 secutum'fidem
871 514 905 566 ab
923 530 956 567 eo

106 612 159 648 non
177 595 340 660 discessisse,
358 593 465 647 hostem
483 592 588 660 judicat
602 591 729 661 bonaque
750 589 810 659 ej'us
828 590 955 659 publicat.

107 671 160 724 His
172 671 255 724 rebus
267 669 396 724 confectis
407 670 435 723 in
447 668 559 722 coneilio
576 667 738 738 pronunciat
754 669 914 721 arcessitum
927 683 957 721 se

68 762 75 776 ·
106 765 123 800 a
135 746 287 801 Senonibus
299 750 327 799 et
341 746 507 799 Carnutibus
524 745 638 815 aliisque
655 745 838 813 compluribus
854 743 957 798 Galliae

106 823 268 888 civitatibus,
288 823 339 876 huo
360 823 414 876 iter
435 823 570 876 facturum
587 823 722 892 perfines
739 822 895 882 Remorum,
912 836 957 872 co-

106 917 221 968 rumque
244 916 323 966 agros
346 899 547 967 populaturum,
569 915 600 952 ac
620 900 697 968 prius
721 915 802 968 quam
823 898 854 967 id
874 895 957 950 faeiat

77 1039 79 1043 v
106 980 195 1028 castra
220 974 333 1027 Labieni
353 977 580 1043 oppugnaturum.
616 977 692 1040 Quae
712 976 773 1029 fieri
792 975 859 1030 velit
879 989 956 1042 prae-

106 1051 178 1119 cipit.
307 1094 309 1096 v

157 1133 197 1182 57.
235 1128 378 1196 Labienus,
395 1145 479 1197 quum
498 1131 527 1181 et
542 1127 594 1180 loci
609 1129 709 1181 natura
725 1128 755 1179 et
771 1141 855 1178 manu
872 1125 957 1178 muni-

105 1203 217 1255 tissimis
230 1204 326 1258 castris
343 1220 403 1257 sose
415 1206 531 1270 teneret,
545 1203 580 1256 de
598 1219 646 1255 suo
661 1219 693 1256 ac
708 1202 823 1270 legionis
834 1202 956 1270 periculo

105 1278 171 1343 nihil
191 1279 318 1334 timebat:
343 1297 377 1333 ne
394 1295 475 1346 quam
491 1278 659 1331 occasionem
675 1279 716 1331 rei
733 1278 804 1331 bene
819 1278 957 1344 gerendae

106 1354 261 1407 dimitteret
273 1354 418 1422 cogitabat.
455 1354 556 1421 Itaque
573 1353 779 1420 aCingetorige
796 1356 880 1420 atque
896 1351 957 1420 ejus

105 1431 264 1498 propinquis
274 1430 396 1482 oratione
405 1428 589 1482 Induciomari
599 1429 708 1497 cognita
717 1445 799 1496 quam
809 1428 836 1479 in
846 1429 956 1481 concilio

106 1505 246 1570 habuerat,
262 1505 373 1558 nuncios
390 1504 478 1559 mittit
495 1506 531 1558 ad
548 1505 677 1560 finitimas
694 1505 819 1559 civitates
837 1503 954 1572 equites-

106 1598 160 1648 que
172 1581 293 1648 undique
305 1583 414 1634 evocat:
432 1580 475 1633 his
486 1585 592 1634 certum
605 1581 678 1635 diem
692 1581 871 1634 conveniendi
881 1580 956 1634 dicit.

107 1656 222 1710 interim
235 1673 320 1726 prope
330 1657 454 1726 quotidie
461 1674 522 1709 cum
530 1658 603 1710 omni
613 1659 739 1727 equitatu
750 1657 957 1710 induciomarus

106 1733 157 1785 sub
168 1733 264 1797 cestris
276 1733 337 1802 ejus
346 1733 503 1805 vagabatur,
514 1734 581 1787 alias
593 1737 625 1788 ut
637 1735 720 1788 situm
734 1738 884 1788 castrorum
897 1749 957 1800 cog·

105 1813 237 1873 nosceret,
249 1810 316 1863 aiias
328 1809 498 1878 colloquendi
513 1814 561 1864 aut
577 1810 723 1865 territandi
738 1826 832 1864 causa:
850 1810 956 1877 equites

105 1885 266 1953 pierumque
284 1903 378 1940 omnes
395 1886 450 1940 teia
469 1886 543 1939 intra
561 1887 661 1939 vallum
680 1886 869 1956 conjiciebant.
905 1885 956 1937 Ia-

105 1961 200 2013 bienus
213 1978 275 2014 suos
288 1962 360 2016 intra
372 1961 550 2015 munitionem
560 1962 718 2016 continebat
729 1963 889 2030 timorisque
899 1963 956 2030 opi·
981 1975 991 1995 ·

105 2037 212 2090 1110110111
225 2037 440 2108 quibuscumque
452 2043 563 2107 poterat
575 2039 658 2092 rebus
671 2039 796 2106 augebat.

157 2119 197 2167 58.
235 2116 323 2178 Quum
348 2115 452 2184 majore
475 2116 502 2167 in
527 2115 586 2169 dics
607 2116 809 2182 contemptione
830 2115 955 2169 Inducie

105 2205 196 2242 marus
208 2191 243 2242 ad
256 2195 347 2244 eastra
358 2192 510 2257 accederet,
523 2194 602 2245 nocte
614 2208 669 2244 una
679 2191 844 2246 intromissis
857 2192 955 2261 equiti-

105 2264 157 2317 bus
181 2266 301 2319 omnium
325 2267 503 2320 finitimarum
527 2267 667 2321 civitatum
687 2285 755 2334 quos
779 2268 955 2322 arcessendos

105 2344 255 2408 curaverat,
273 2346 353 2397 tanta
377 2343 520 2410 diligentia
537 2359 632 2397 omnes
650 2360 712 2397 suos
733 2344 865 2399 custodiis
884 2343 956 2395 intra

105 2420 195 2470 castra
207 2419 342 2473 continuit
354 2414 385 2473 ut
400 2419 473 2472 nulla
484 2419 590 2472 ratione
602 2436 635 2472 cu
650 2437 695 2473 res
710 2419 848 2474 enunciari
860 2424 908 2472 aut
920 2419 955 2470 ud

106 2492 230 2546 Treviros
242 2495 358 2567 perfcffi
370 2498 469 2563 posset.
507 2496 623 2556 Interim
636 2512 670 2548 en
682 2495 878 2549 consuetudine
891 2510 956 2562 quo-

105 2569 209 2622 tidiana
220 2571 425 2624 induciomarus
435 2571 470 2624 ad
479 2575 569 2639 castra
578 2571 684 2626 accedit
691 2576 776 2640 atque
784 2571 821 2624 ibi
829 2587 955 2637 magnam

104 2648 211 2712 partem
225 2646 280 2699 diei
292 2640 441 2712 consumit;
459 2648 567 2716 equites
579 2649 636 2702 tela
649 2647 797 2715 conjiciunt
812 2651 842 2700 et
857 2663 956 2713 magna

105 2736 166 2772 cunr
179 2722 343 2775 contumelia
355 2722 500 2776 verborum
515 2730 624 2777 nostros
639 2724 674 2776 ad
690 2739 809 2792 pugnam
826 2725 956 2787 evocant;

104 2796 178 2848 nullo
190 2796 225 2848 ab
237 2799 338 2851 nostris
351 2797 416 2851 dato
429 2816 567 2868 responso,
580 2800 627 2852 ubi
641 2800 727 2853 visum
742 2803 786 2853 est
798 2799 849 2852 sub
861 2814 956 2865 vespo-

105 2887 166 2923 rum
183 2871 299 2940 dispersi
318 2890 350 2927 ao
368 2874 494 2943 dissipati
515 2876 667 2930 discedunt.
703 2876 799 2930 Subito
818 2873 959 2929 Labienus

105 2946 213 3000 duabus
229 2949 315 3016 portis
333 2966 441 3004 omnem
457 2952 618 3022 equitatum
634 2953 763 3014 emam,
773 2946 925 3014 essedae&
936 2945 984 2985 ᾖ

102 3039 157 3088 quo
167 3023 315 3090 interdicit,
328 3029 493 3096 perterritis
507 3029 646 3084 hostibus
662 3023 758 3092 atque
767 3025 809 3074 'uu
819 3020 928 3076 issem
942 3016 996 3110 ⁰³}

83 3097 178 3164 jectis,
202 3101 280 3169 quod
303 3103 368 3161 fore
391 3107 470 3165 sicut
497 3107 613 3164 accidit
635 3100 783 3162 stoebe-t,
801 3097 908 3172 nm
930 3084 996 3160 m,

53 3237 56 3241 ,
77 3175 184 3238 petant
205 3177 463 3256 Indueiomarum,
484 3203 551 3242 neu
575 3183 650 3255 qu'ss
675 3187 779 3246 <dm
794 3171 895 3254 *Q
912 3140 996 3192 *m
